1872 2930
0 367 20 490 ἓ

0 834 10 924 5

583 250 890 298 slnvsavu
919 252 1027 299 Lm.
1060 255 1102 298 V
1137 262 1155 300 1
1492 264 1572 304 171
1614 247 1621 253 ’

235 396 610 451 musena—‘ante
640 398 806 440 Vrbem
838 411 925 453 qua
955 400 1143 453 primum
1175 401 1365 441 nascitur
1395 401 1549 456 ingens

145 468 292 525 Rppia
321 469 633 524 quaque‘Italo
656 470 845 524 gemitus
876 469 1062 511 Almone
1092 469 1269 523 Cybebe-

144 540 268 596 ponit
296 543 340 582 et
369 538 521 583 Idaeos
550 541 639 582 i‘am
671 552 754 582 non
784 541 1071 583 reminiscitur
1104 542 1256 583 amnis.
1503 553 1574 587 224

144 611 216 653 hic
245 614 290 654 te
319 610 492 654 Sidonio
522 611 712 653 uelatam
743 612 937 654 molliter
965 608 1082 653 ostro

141 682 332 724 eximius
357 683 674 738 0011111111(ωο
705 683 817 724 enim
849 683 1060 724 fumantia
1091 683 1217 724 busta

140 753 464 807 moremque
492 755 605 808 rogi·
619 753 758 808 potuit
788 754 1004 809 perferre)
1035 755 1159 796 beato

140 824 390 880 composuit,
422 825 635 879 Priscilla,
655 829 776 868 toro.
806 825 868 866 nil
899 826 1068 880 longior
1098 828 1218 866 aetas
1504 836 1574 871 228

16 897 31 909 *
98 924 105 929 -
141 906 338 950 carpere,
370 895 435 937 nil
467 897 564 938 aeui
594 898 797 950 poterunt
826 897 983 938 uitiare
1015 896 1197 938 labores:

140 965 204 1008 sie
234 968 470 1019 ca<u>tum
500 967 720 1020 membris,
751 970 892 1008 tantas
922 968 1169 1009 uenerabile
1200 979 1393 1008 marmor

142 1036 282 1092 spirat
310 1049 425 1092 opes.
458 1050 560 1080 mox
589 1038 636 1079 in
665 1039 810 1079 uarias
842 1042 1008 1080 mutata
1036 1039 1212 1080 nouaris

141 1108 320 1164 effigies:
353 1109 438 1151 hoc
454 1120 565 1151 <aere
595 1109 740 1162 Ceres,
774 1111 854 1151 hoc
886 1109 1028 1151 lucida
1059 1109 1227 1161 Gnosis,

1502 1119 1525 1153 [Ο

1526 1119 1572 1153 ἓίέ

142 1179 223 1222 illo
251 1179 370 1223 Maia
399 1179 502 1232 sol‘oj
519 1180 683 1222 venus
699 1181 794 1222 ‘hoc
824 1193 908 1222 non
938 1181 1136 1234 improba
1164 1192 1286 1222 saxo.

141 1250 358 1305 accipiunt
388 1251 532 1292 uultus
562 1251 679 1292 haud
710 1251 932 1305 indignata
962 1251 1136 1293 decoros

141 1322 331 1363 numina:
364 1323 644 1364 circumstant
674 1322 827 1363 famuli
856 1325 1142 1375 consuetaque
1173 1322 1300 1363 turba

140 1393 370 1447 obsequiis,
403 1396 504 1434 tunc
535 1394 618 1435 rite
648 1393 732 1435 tori
763 1405 1020 1446 mensaeque
1051 1396 1260 1447 parantur
1499 1402 1570 1437 236

140 1463 353 1506 assiduae.
383 1463 532 1506 domus
560 1464 659 1517 ista,
693 1463 857 1506 domus!
894 1465 988 1517 quis
1019 1465 1139 1506 triste
1169 1463 1413 1518 sepulcrum

139 1534 326 1577 dixerit?
354 1537 437 1577 hac
468 1536 622 1578 merito
652 1537 744 1576 uisa
775 1537 933 1589 pietate
964 1536 1111 1576 mariti

139 1607 335 1662 protinus
365 1607 594 1648 exclames:
630 1605 720 1648 ‘Est
752 1607 836 1660 hic,
869 1619 1068 1661 agnosco,
1103 1606 1294 1647 minister

136 1677 268 1731 illiue,
301 1681 502 1720 aeternae
534 1677 659 1720 modo
693 1678 765 1731 qui
794 1678 986 1719 sacraria
1017 1677 1135 1732 genti
1496 1687 1567 1721 240

56 1774 58 1776 v
135 1748 328 1791 condidit
357 1750 486 1803 inque
518 1749 603 1791 alio
633 1744 773 1803 posuit
803 1762 879 1789 sua
909 1747 1052 1791 sidera
1089 1747 1236 1790 caelo'.

137 1820 212 1874 sic,
244 1821 318 1863 ubi
348 1820 509 1876 magna
538 1832 697 1861 nouum
727 1819 887 1862 Phario
916 1819 969 1861 de
1001 1812 1127 1861 litore
1157 1820 1311 1874 puppis

139 1891 267 1935 soluit
296 1893 379 1935 iter
408 1892 580 1945 iamque
611 1892 853 1934 innumeros
883 1890 1100 1944 utrimque
1131 1891 1331 1932 rudentes

138 1963 314 2017 lataque
344 1963 513 2006 ueliferi
543 1964 740 2018 porrexit
769 1963 951 2004 brachia
982 1962 1089 2004 mali
1497 1971 1567 2005 244

137 2034 379 2088 inuasitque
408 2035 515 2087 uias,
547 2035 594 2075 in
625 2033 775 2076 eodem
807 2036 988 2088 angusta
1018 2032 1218 2087 phaselos

138 2118 327 2160 aequore
358 2108 400 2148 et
431 2105 630 2148 immensi
660 2108 830 2160 partem
861 2105 942 2147 sibi
972 2104 1163 2146 uindicat
1193 2104 1355 2146 Austri.

235 2283 307 2319 230
332 2282 392 2319 Sic
418 2287 538 2318 catum
566 2281 622 2326 M,
650 2283 829 2318 Siccatam
856 2293 879 2323 ς
905 2292 939 2325 a,
966 2281 1149 2316 Siccatum
1166 2278 1214 2327 91,
1234 2291 1327 2315 corr.
1348 2277 1568 2314 Phillimore

236 2342 303 2378 231
332 2342 458 2386 Spirat
482 2341 580 2385 MA,
607 2341 764 2388 S(a)epit
788 2352 811 2382 c:
837 2351 860 2376 a
969 2340 1038 2375 232
1063 2339 1221 2383 Effugies
1249 2337 1304 2383 M,
1330 2347 1423 2373 corr.
1451 2349 1474 2379 c,-

137 2402 211 2438 233
235 2402 310 2437 folo
333 2400 391 2443 (h.
415 2411 445 2436 e.
471 2399 653 2447 ‘aryalay
684 2400 831 2445 scripsi,
868 2401 946 2435 tolo
971 2399 1053 2434 MA
1081 2400 1177 2445 (loco
1202 2398 1254 2443 α),
1292 2398 1395 2433 tholo
1420 2408 1454 2440 ς,
1480 2407 1568 2431 auro

140 2460 292 2504 Mar-kl„
317 2462 395 2497 luto
419 2459 614 2496 Baehrens
733 2459 804 2495 238
827 2460 918 2495 haec
957 2457 1012 2502 M,
1045 2469 1139 2493 corr.
1167 2469 1190 2500 ς
1214 2457 1325 2494 Dom.
1442 2456 1511 2491 245
1537 2456 1567 2490 it

139 2519 321 2556 Gevaerts
416 2522 570 2564 augusta
597 2517 655 2563 M,
679 2529 772 2555 corr.
798 2530 822 2561 ς

1358 2598 1421 2632 12*
