1872 2930
587 226 896 274 SILVARVM
926 227 1036 270 LIB.
1070 227 1091 267 I
1123 230 1149 268 4
1532 231 1585 270 33

161 369 378 413 Ausoniae
409 369 566 411 decora
596 369 742 423 ampla
773 371 896 423 togae
929 367 1194 422 Centumque
1226 368 1378 411 dedisti
1542 379 1587 414 24

158 440 363 484 iudicium
393 443 664 493 mentemque
695 439 828 481 Viris.
859 439 962 480 licet
993 441 1149 481 enthea
1181 441 1288 480 uatis

157 510 362 555 excludat
390 510 544 566 Piplea
573 511 688 552 sitim
718 523 796 552 nec
828 511 996 552 conscia
1026 511 1152 553 detur

158 582 328 626 Pirene:
360 583 503 638 largos
533 582 696 637 positus
726 583 835 624 mihi
865 595 1023 637 gurges
1053 583 1098 624 in
1128 584 1300 624 haustus

160 654 235 707 qui
263 654 432 708 rapitur
461 653 516 695 de
547 654 660 696 fonte
691 656 777 704 tuo,
806 666 881 695 seu
913 654 1043 708 plana
1072 653 1218 695 solutis
1539 665 1585 700 28

158 724 402 779 00(n)strm·s
432 737 537 765 orsa.
559 723 695 766 modis
725 723 812 765 siue
842 723 951 766 hanc
982 725 1058 767 tibi
1089 724 1224 766 dulcis
1254 725 1299 766 in
1331 729 1468 766 artem

157 795 373 850 frangitur
404 798 447 838 et
475 799 639 837 nostras
670 799 791 837 curat
822 795 1018 838 facundia
1049 796 1178 851 leges,

158 879 293 920 quare
318 879 418 921 age,
449 868 484 907 si
516 865 667 909 Cereri
697 881 775 908 sua
804 867 915 908 dona
945 880 1197 920 merumque
1231 867 1379 921 Lyaeo

158 937 374 980 reddimus
405 941 448 980 et
477 938 597 980 diues
627 938 815 993 praedae
848 942 990 981 tamen
1021 939 1177 993 accipit
1208 940 1322 980 omni
1539 949 1586 984 32

157 1009 336 1051 exuuias
367 1009 508 1050 Diana
539 1009 656 1051 tholo
688 1010 944 1064 captiuaque
976 1009 1064 1051 tela
1099 1041 1103 1045 ‚

159 1079 436 1134 Bellipotens:
467 1093 545 1123 nec
576 1084 636 1133 tu,
668 1080 835 1133 quando
866 1081 957 1132 tibi,
990 1080 1175 1132 Gallice,
1206 1081 1344 1122 maius

157 1150 374 1204 eloquium
403 1150 607 1205 fandique
638 1152 787 1205 opibus
818 1151 1011 1194 sublimis
1043 1151 1245 1204 abundas,
1530 1191 1535 1194 .

155 1235 309 1277 sperne
340 1222 423 1264 coli
454 1223 648 1265 tenuiore
679 1223 792 1276 lyra.
825 1237 936 1277 uaga
967 1224 1152 1277 cingitur
1185 1224 1309 1264 astris
1537 1235 1582 1269 36

154 1293 270 1345 luna,
301 1297 344 1336 et
374 1294 419 1335 in
449 1292 667 1337 Oceanum
698 1295 782 1335 riui
814 1295 1006 1337 cecidere
1038 1295 1235 1338 minores,

244 1363 365 1419 Quae
396 1365 472 1407 tibi
503 1364 706 1406 sollicitus
737 1365 944 1418 persoluit
975 1365 1172 1419 praemia
1204 1379 1372 1407 morum

81 1451 84 1453 ·
153 1434 284 1477 Vrbis
315 1434 451 1477 amor!
488 1448 600 1488 quae
631 1439 721 1477 tum
754 1439 1010 1490 patrumque
1042 1437 1317 1490 equitumque
1347 1437 1491 1478 notaui

154 1504 318 1547 lumina
348 1509 390 1548 et
419 1506 598 1560 ignarae
630 1506 768 1560 plebis
798 1507 949 1561 lugere
980 1506 1185 1561 potentes!
1246 1512 1251 1516 ’
1536 1520 1581 1552 40

154 1588 239 1618 non
268 1576 458 1618 lamenta
487 1577 654 1619 Numae
686 1577 843 1619 tulerat
873 1578 937 1621 sic
965 1576 1100 1620 Curia
1131 1578 1236 1619 felix

155 1648 360 1702 Pompeio
390 1660 468 1690 neo
501 1648 637 1690 celsus
668 1661 796 1702 eques
826 1661 904 1690 nec
936 1649 1095 1691 femina
1126 1650 1272 1692 Bruto.

156 1720 235 1761 hoc
266 1717 388 1760 illud:
421 1719 552 1761 tristis
581 1720 763 1760 inuitum
795 1720 947 1762 audire
980 1724 1163 1774 catenas,

155 1801 336 1844 parcere
367 1790 619 1832 uerberibus
649 1803 726 1832 nec
760 1803 846 1844 qua
875 1792 991 1833 iubet
1023 1791 1111 1833 alta
1142 1794 1327 1845 potestas
1537 1805 1580 1837 44

154 1861 233 1911 ire,
265 1859 340 1903 sed
370 1863 559 1903 armatas
590 1852 773 1903 multum
803 1862 883 1904 sibi
914 1862 1087 1905 demere
1120 1863 1235 1904 uires

155 1981 215 2012 tus
234 1977 331 2021 MA,
350 1981 480 2014 cantus
500 1989 559 2022 ςα,
579 1979 693 2013 tantis
707 1979 936 2024 Hirschfeld,
955 1981 1080 2015 laurus
1096 1980 1276 2016 Ausoniae
1293 1983 1414 2026 (qen.)
1431 1981 1582 2025 dietum,

154 2040 198 2071 ut
217 2034 406 2071 ‘Dawniae
431 2036 620 2072 Camenae’
645 2037 725 2072 sim.
870 2039 916 2073 24
941 2049 1048 2083 rogac
1074 2039 1289 2082 M,corr.e;m
1315 2041 1435 2086 (togae
1462 2040 1581 2076 datin.

95 2122 99 2125 f
154 2096 226 2139 est)
299 2098 506 2140 certumque
531 2095 754 2140 Hirschfeld
874 2098 919 2132 25
943 2098 1021 2132 uati
1039 2098 1174 2134 Heins.
1296 2100 1342 2135 26
1361 2101 1481 2144 piplca
1501 2100 1581 2141 Ma,

154 2155 276 2199 plplea
299 2154 408 2190 Dom.
434 2154 528 2199 Pol„
556 2156 716 2199 Pimplea
739 2157 854 2201 maelyo
999 2158 1043 2192 27
1064 2158 1203 2201 positus
1222 2159 1366 2211 serszsi,
1386 2161 1505 2203 potius
1526 2159 1582 2203 M,

153 2214 274 2257 potior
299 2213 348 2249 N.
374 2213 500 2249 Faber
619 2215 664 2249 29
690 2217 869 2250 construis
903 2227 948 2258 m,
977 2216 1042 2251 Cui
1080 2217 1190 2252 struis
1228 2217 1284 2261 M,
1320 2218 1432 2263 Quom
1471 2219 1582 2254 struis

154 2271 263 2308 Dom.
283 2273 346 2315 A',
365 2283 436 2318 qua
449 2274 560 2308 struis
585 2273 719 2309 Heim.
819 2276 895 2310 siue
920 2276 1014 2310 hanc
1038 2276 1184 2322 scripsi,
1218 2288 1280 2312 seu
1307 2288 1412 2322 quam
1439 2277 1494 2322 M,
1520 2288 1581 2312 scu

154 2341 259 2376 quom
289 2342 326 2366 m
361 2332 425 2378 A',
461 2343 523 2367 scu
561 2343 631 2377 qua
667 2333 801 2369 Heius.
900 2338 1019 2370 artum
1054 2335 1177 2371 Barth
1297 2337 1342 2371 34
1368 2347 1580 2382 quamquam

153 2389 289 2428 Heius.
313 2392 471 2438 itemque
490 2392 615 2428 Bentl.
736 2395 782 2428 40
807 2397 974 2437 potentes
998 2394 1106 2430 MA*
1131 2394 1252 2440 Dom.‚
1278 2397 1437 2440 potentis
1463 2407 1485 2431 α

154 2450 199 2485 41
219 2451 380 2487 lamenta
414 2451 552 2488 Numae
590 2453 728 2488 tulerat
765 2453 909 2498 scripsi,
947 2454 1091 2489 labente
1124 2455 1241 2490 Numa
1279 2456 1401 2490 timuit
1428 2456 1483 2496 M,
1510 2467 1581 2491 ma-

156 2509 236 2545 duit
260 2521 287 2546 s.
315 2511 353 2546 G.
379 2511 475 2547 fletu
513 2511 657 2556 Heius„
696 2513 804 2548 Curia
831 2514 888 2548 uel
914 2514 965 2549 sic
991 2513 1087 2549 idem
