1872 2930
6 1195 23 1217 -‘
0 790 26 1182 ¹;·ff*⁴*¹123vWWW?Pffff⁴—Wvss
0 754 10 769 ἰι
0 632 28 673 [τις
2 582 18 617 97
0 499 27 568 RN&
18 478 23 487 a
0 413 33 464 ⁴52
0 365 26 380 j·
3 242 24 276 mxx:

35 462 45 466 η
30 307 47 337 22¹.
35 287 42 298 ,-
46 260 51 268 ι
39 239 49 251 ,ι

226 833 349 892 Quae
383 847 467 894 per
502 846 640 879 annos
676 831 868 891 triginta
905 833 959 878 de
997 832 1111 879 Stati
1149 834 1405 889 eclogarum
1437 832 1547 879 locis

116 916 419 964 controuersis
467 915 787 975 disputauimus
836 929 935 962 cum
983 915 1240 975 propediem
1288 929 1544 975 excerpere,

118 987 331 1061 excerpta
364 999 413 1045 in
448 999 594 1046 animo
633 998 692 1046 sit
727 1013 815 1045 uno
854 999 1070 1055 colligere
1095 999 1334 1058 uolumine,
1363 1013 1549 1058 cumque

116 1083 346 1145 prooemio
382 1084 439 1131 ad
475 1083 676 1131 criticam
712 1077 963 1130 ‘Siluarum’
1001 1083 1304 1130 condicionem
1340 1083 1548 1130 uniuerse

117 1165 358 1226 pertinenti
394 1165 676 1213 coniectanea
712 1165 790 1212 illa
814 1164 1035 1213 instruere
1062 1165 1404 1225 decreuerimus,
1433 1180 1548 1212 mmc

112 1243 291 1296 ‘Siluas’
326 1249 445 1309 ipsas
483 1249 647 1296 edituri
683 1254 890 1309 notarum
927 1262 1036 1308 quas
1072 1249 1380 1308 usurpauimus
1429 1248 1545 1294 iudi-

117 1347 212 1379 cem
258 1336 418 1393 poetae
466 1331 614 1378 uerbis
662 1345 938 1392 praeponere
987 1331 1096 1379 satis
1152 1332 1377 1378 habemus.
1436 1330 1545 1378 Sunt

117 1420 266 1463 autem
304 1416 404 1462 hae:

226 1497 296 1544 M
429 1499 571 1545 codex
624 1497 902 1545 Matritensis
952 1487 1266 1559 bybliothecae
1308 1497 1544 1544 nationalis

117 1580 166 1626 M
194 1581 275 1640 31,
310 1594 346 1627 S.
386 1579 474 1626 XV
511 1585 614 1627 aute
653 1580 844 1627 medium
882 1595 906 1627 e
943 1580 1059 1627 libro
1096 1580 1336 1639 Poggiano
1375 1580 1543 1626 descri-

115 1667 232 1722 ptus:
278 1662 477 1722 repperit
513 1660 738 1710 Gustauus
776 1663 942 1710 Loewe
979 1676 1020 1709 a.
1067 1664 1219 1724 1879,
1259 1664 1545 1710 contulerunt

61 1748 73 1782 4
114 1749 218 1805 post
251 1744 419 1792 Loewe
455 1745 698 1792 Mauricius
736 1746 897 1793 Krohn
922 1747 985 1807 (a.
1021 1747 1178 1807 1895)
1207 1752 1253 1793 et
1286 1746 1342 1793 A.
1383 1745 1544 1792 Souter

119 1828 195 1889 (cf.
235 1829 653 1876 commentariorum
685 1830 842 1888 quibus
876 1824 998 1876 ‘The
1035 1829 1241 1876 classical
1276 1824 1448 1876 review’
1474 1829 1542 1874 in-

117 1910 327 1959 scribitur
342 1913 431 1958 uol.
452 1911 554 1958 XII.
575 1911 741 1973 xm),
762 1912 956 1959 Krohnii
973 1913 1112 1973 copiis
1138 1918 1318 1972 praeter
1344 1912 1394 1959 F.
1412 1912 1545 1959 Voll-
1610 1907 1613 1912 ’

117 2008 213 2041 mer
237 2008 341 2040 usus
379 1999 447 2042 est
482 1994 528 2040 in
564 1988 815 2041 ‘Siluarum'
853 1995 1046 2043 editione
1089 1996 1267 2055 Lipsiae
1317 2009 1358 2042 a.
1405 1997 1538 2041 1900

115 2077 331 2137 impressa
345 2076 402 2124 A.
422 2077 572 2125 Klotz:
594 2079 709 2124 hunc
726 2077 868 2134 igitur
885 2079 1046 2138 uirum,
1066 2079 1325 2138 ubicumque
1345 2078 1542 2125 codicem

115 2153 214 2205 ‘M’
238 2160 481 2218 laudamuS,
510 2165 738 2207 auctorem
762 2160 1039 2221 profitemur,
1068 2161 1152 2207 nisi
1177 2163 1296 2220 quod
1322 2162 1388 2207 bis
1414 2167 1541 2208 terue

114 2242 363 2290 cautionem
387 2244 604 2301 quandam
630 2244 923 2291 adhibuimus
952 2250 1149 2292 ceterum
1173 2246 1384 2291 nonnulla
1408 2257 1541 2303 pror-

115 2339 190 2371 sus
244 2324 419 2372 inutilia
471 2327 864 2385 praetermisimus.
917 2327 1027 2373 illud
1077 2341 1186 2374 uero
1239 2327 1541 2388 (quantumuis

115 2409 383 2455 reclamante
426 2408 482 2455 A.
528 2408 828 2470 Engelmaun)
879 2416 978 2457 arte
1016 2411 1143 2458 nobis
1180 2411 1417 2457 tenendum
1456 2415 1537 2468 est,

114 2502 142 2535 a
177 2489 453 2538 Matritensis
507 2491 697 2552 exempli
747 2493 905 2552 scriba,
959 2493 1063 2540 licet
1099 2493 1188 2552 ille,
1229 2500 1279 2541 ut
1315 2494 1379 2540 ait
1415 2491 1539 2548 Pog-
