1872 2930
300 247 356 286 38
767 240 815 283 P.
849 239 1055 283 PAPINI
1085 239 1259 283 STATI

296 382 439 424 sidera
470 386 610 436 teque,
643 387 766 436 pater
798 385 943 423 uatum
974 381 1271 438 Thymbraee)
1301 383 1396 436 quis
1424 382 1541 424 omni

297 455 392 496 luce
424 453 544 506 mihi,
578 453 671 506 quis
701 458 825 495 nocte
857 454 997 508 timor,
1028 453 1130 495 dum
1161 454 1349 508 postibus
1379 455 1565 496 haerens

296 524 486 566 assiduus
519 537 631 566 nunc
663 538 768 566 aure
799 524 904 579 uigil
935 537 1049 567 nunc
1080 524 1242 566 lumine
1274 530 1429 566 cuncta

296 594 497 649 aucupor!
533 596 766 637 immensae
798 595 931 637 ueluti
962 608 1127 638 conexa
1157 596 1330 638 carinae
1658 605 1728 642 ιω

296 667 450 709 cumba
480 667 634 720 minor,
667 679 764 708 cum
794 668 929 709 saeuit
960 667 1110 722 hiems,
1141 679 1222 722 pro
1252 671 1375 722 parte
1406 667 1585 710 furentis

296 750 434 791 parua
464 742 657 791 receptat
687 746 820 791 aquas
850 741 893 779 et
922 737 1071 779 eodem
1102 737 1292 780 uoluitur
1323 738 1495 779 Austro.

385 807 553 849 Nectite
585 821 700 849 nunc
730 807 869 850 laetae
900 808 1129 850 candentia
1157 808 1246 863 fila,
1276 821 1458 862 sorores,

295 878 466 920 nectite!
503 892 627 920 nemo
658 878 830 920 modum
862 879 1098 921 transmissi
1127 883 1343 934 computet
1371 880 1482 922 aeui:
1655 890 1725 927 184

296 950 364 990 hic
398 950 510 991 uitae
542 949 697 990 natalis
727 950 822 991 erit.
856 954 902 990 tu
933 949 1091 991 Troica
1119 950 1272 1005 (lignus

294 1020 466 1062 saecula
496 1024 538 1062 et
568 1020 746 1063 Euboici
777 1020 1082 1063 transcendere
1112 1020 1304 1075 pulueris
1334 1033 1470 1065 annos

294 1091 605 1145 Nestoreosque
636 1092 751 1133 situs.
785 1105 870 1146 qua
900 1105 1015 1133 nunc
1047 1092 1122 1134 tibi
1154 1105 1320 1147 pauper
1351 1104 1505 1135 acerra

293 1162 425 1217 digna
455 1162 597 1205 litem?
626 1175 705 1204 nec
737 1164 771 1204 si
803 1167 955 1205 uacuet
986 1164 1188 1205 Meuania
1212 1163 1349 1205 ualles
1655 1173 1730 1211 18⁸

292 1239 340 1274 ut
371 1237 590 1287 praestent
619 1234 767 1275 niueos
798 1232 1014 1276 Clitumna
1044 1233 1217 1276 nonalia
1248 1239 1406 1289 tauma,

291 1303 511 1345 sufficiam.
544 1303 618 1345 sed
648 1317 775 1359 saepe
807 1304 898 1347 deis
926 1306 1004 1347 hos
1034 1305 1146 1347 inter
1177 1307 1361 1347 honores

292 1387 464 1428 caespes
495 1379 536 1416 et
567 1375 722 1430 exiguo
754 1375 1009 1431 placuerunt
1040 1377 1158 1418 sarra
1187 1377 1336 1419 salino.

978 1541 1031 1581 V.

655 1656 782 1692 BALN
786 1656 889 1692 EVM
916 1657 1118 1694 CLAVDII
1145 1658 1360 1697 ETRVSCl.

379 1751 476 1793 Non
510 1751 717 1793 Helicona
747 1753 870 1807 graui
902 1754 1039 1808 pulsat
1073 1754 1221 1807 chelys
1251 1753 1407 1797 enthea
1436 1754 1615 1811 plectro,

290 1836 369 1864 nec
401 1822 557 1864 lassata
588 1836 692 1865 uoco
725 1824 877 1866 totiens
907 1825 1013 1866 mihi
1043 1826 1236 1882 numina,
1267 1826 1424 1881 Musas3

289 1898 330 1934 et
363 1900 419 1947 te,
450 1893 636 1949 Phoebe,
668 1895 810 1936 choris
840 1900 882 1937 et
913 1900 953 1938 te
985 1896 1248 1951 dimittimus,
1279 1897 1450 1952 Euhan,
1695 1951 1698 1957 A

290 1969 333 2004 tu
366 1976 532 2017 quoque
565 1970 682 2007 muta
714 1967 847 2021 serae,
880 1967 1055 2010 uolucer
1085 1968 1293 2023 Tegeaee,
1323 1982 1505 2012 sonorae
1696 1959 1721 2017 4

289 2039 413 2088 terga
444 2049 626 2089 premas:
660 2036 765 2078 alios
796 2044 972 2091 poscunt
1005 2052 1101 2080 mea
1131 2041 1324 2082 carmina
1354 2044 1509 2083 coetus.

387 2187 451 2222 117
479 2188 591 2223 omnis
617 2187 673 2232 M,
706 2200 800 2225 corr.
833 2200 856 2232 e:
1004 2191 1070 2226 118
1105 2191 1233 2228 haeret
1257 2192 1314 2238 M,
1339 2203 1433 2230 corr.
1466 2203 1490 2236 ς
1511 2192 1597 2230 Pol.

291 2247 358 2282 120
378 2257 536 2291 aucupor
557 2247 700 2293 Heius„
721 2249 888 2293 Auguror
907 2249 1139 2293 Maaacente
1158 2251 1375 2298 Polito'ano)
1496 2252 1561 2289 121
1582 2252 1719 2291 cumba

288 2305 345 2349 M,
371 2306 505 2351 cymba
525 2304 559 2342 Ἀ
585 2307 754 2353 (Tymbra
779 2309 819 2354 α)
944 2310 1011 2344 129
1038 2315 1078 2345 ut
1103 2310 1248 2356 scripsi,
1275 2311 1350 2347 Aut
1369 2311 1419 2348 M

384 2387 413 2421 V
441 2398 598 2424 maxum
629 2408 637 2417 ·
659 2400 791 2426 maron
814 2409 822 2418 ·
854 2401 989 2428 msvscu
1016 2392 1071 2434 M,
1100 2393 1270 2430 Balneum
1309 2394 1443 2430 claudii
1481 2393 1627 2431 Btrmoi
1664 2395 1717 2438 A,

287 2446 386 2489 conf.
426 2448 491 2483 loe.
530 2447 681 2485 Sidonii
704 2450 755 2484 ad
780 2449 806 2485 I
826 2453 850 2486 3
874 2450 931 2486 tit.
960 2451 1099 2488 laudat.
1246 2457 1265 2489 4
1307 2458 1427 2499 tcgces
1463 2455 1597 2492 honoro
1635 2454 1717 2502 Mo,

287 2516 381 2541 corr.
409 2517 431 2548 τ
457 2506 540 2542 ΡοΙ.
