1872 2930
0 536 15 592 l

0 582 11 619 ξ.

0 623 29 667 {f

0 669 10 727 ἕ

569 235 876 283 SILVARVM
895 235 1017 282 1ῘὸΙΒ.
1047 236 1115 278 III
1150 240 1173 279 3

164 381 418 423 summouet.
450 377 568 420 haud
587 377 725 422 aliter
751 378 1029 433 ,gemuitper
1059 377 1196 421 Sunia
1225 379 1413 423 Theseus

164 449 306 502 litora,
337 449 410 503 qui
441 448 558 495 falsis
587 448 819 503 deceperat
849 449 1002 503 Aegea
1030 449 1152 494 uelis.

166 522 264 563 tunc
293 520 479 562 immane
509 531 683 574 gemens
714 519 990 574 foedatusque
1020 533 1098 562 ora
1130 524 1320 574 tepentes

164 589 336 633 adfatur
365 591 555 633 cineresz

539 659 642 705 Gur
664 674 759 714 -nos,
790 661 1006 717 fidissime,
1035 662 1192 715 linquis

162 731 356 778 Fortuna
384 732 622 785 redeunte,
633 733 782 788 pater?
808 733 943 777 modo
956 734 1143 780 numina
1173 735 1318 788 magni

162 803 369 859 praesidis
399 808 527 858 atque
558 804 711 847 breues
740 817 942 858 superum
973 804 1240 858 placauimus
1276 805 1374 846 iras:

162 886 240 916 nec
269 874 428 917 frueris
458 876 648 930 tantique
679 877 853 918 orbatus
870 875 1072 926 muneris
1102 888 1180 916 usu

162 944 219 988 ad
249 958 408 998 manes,
439 946 620 1001 ingrate,
651 946 786 1002 fugis?
808 959 893 989 -nec
925 946 1096 990 flectere
1126 947 1287 989 Parcas
1303 977 1321 1002 4

161 1020 246 1066 autv
266 1016 439 1071 placare
471 1018 612 1060 malae
642 1018 771 1060 datur
803 1031 958 1073 aspera
987 1018 1163 1061 numina
1192 1016 1364 1061 Lethes!
1403 1052 1405 1054 .

162 1087 284 1140 felix,
314 1089 381 1130 cui
413 1102 570 1144 magna
598 1092 767 1144 patrem
798 1089 966 1131 ceruice
998 1089 1171 1131 uehenti
1246 1076 1251 1079 ’

160 1170 285 1200 sacra
314 1158 573 1214 Mycenaeae
604 1160 744 1214 patuit
773 1160 1016 1202 reuerentia
1046 1159 1258 1210 flammae,

161 1229 320 1284 quique
352 1233 472 1274 tener
501 1232 640 1273 saeuis
670 1232 905 1284 genitorem
936 1230 1076 1284 Scipio
1107 1231 1259 1272 Poenis

163 1300 350 1352 abstulit,
382 1304 425 1343 et
454 1301 565 1355 Lydi
592 1303 730 1357 pietas
762 1302 994 1344 temeraria
1014 1301 1157 1343 Lausi!

160 1383 267 1427 ergo
295 1375 339 1414 et
369 1372 604 1415 Thessalici
634 1372 820 1415 coniunx
850 1385 1033 1427 pensare
1070 1373 1215 1414 mariti

162 1442 286 1486 fimus
316 1448 359 1486 et
388 1445 600 1487 immitem
630 1444 768 1498 potuit
798 1444 932 1500 Styga
963 1445 1135 1486 uincere
1166 1443 1350 1498 supplex

162 1513 396 1556 Thracius?
426 1515 507 1556 hoc
537 1518 694 1569 quanto
724 1515 877 1557 melius
907 1527 987 1569 pro
1017 1519 1140 1569 patre
1172 1513 1338 1557 liceret!

163 1597 249 1628 non
279 1588 389 1628 totus
421 1587 591 1641 rapiere
623 1589 779 1638 tamen,
811 1598 891 1628 nec
923 1587 1075 1628 funera
1105 1587 1273 1627 mittam

162 1655 351 1712 longiae,v
374 1657 445 1699 hic
474 1669 634 1709 manes,
665 1657 737 1699 hie
766 1658 881 1699 intra
911 1660 1022 1698 tecta
1052 1657 1214 1699 tenebo:

164 1730 210 1768 tu
240 1730 376 1770 custos
406 1727 685 1782 dominusque
714 1728 833 1780 laris,
865 1729 943 1771 tibi
973 1731 1124 1770 cuncta
1153 1732 1323 1769 tuorum

161 1799 386 1854 parebunt3
417 1812 496 1854 ego
527 1800 609 1842 rite
639 1800 778 1842 minor
809 1811 1071 1854 semperque·
1092 1798 1298 1841 secundus

161 1868 350 1913 assiduas
381 1870 526 1913 libabo
553 1870 685 1925 dapes
716 1873 759 1912 et
788 1869 942 1925 pocula
971 1870 1101 1912 sacris

163 1941 356 1982 manibus
386 1942 631 1996 effigiesque
662 1942 813 1983 colam:
847 1946 888 1983 te
918 1941 1062 1983 lucida
1090 1954 1209 1991 saxa,

163 2014 205 2052 te
236 2011 419 2054 similem
449 2011 596 2054 doctae
626 2013 785 2054 referet
816 2012 923 2053 mihi
952 2012 1065 2054 linea
1094 2025 1231 2063 cerae,

163 2094 274 2124 nunc
304 2082 412 2124 ebur
443 2089 485 2124 et
515 2082 682 2125 fuluum
715 2083 856 2124 uultus
886 2083 1123 2124 imitabitur
1154 2095 1324 2124 aurum.

1508 243 1587 283 111

1524 461 1590 496 180

1524 815 1591 851 184

1523 1098 1590 1134 188

1523 1382 1588 1417 192

1522 1667 1587 1702 196

1519 1951 1588 1986 200

261 2213 328 2247 179
354 2222 418 2256 per
443 2212 555 2247 Sunia
581 2212 739 2255 Polster,
764 2212 923 2256 periuria
947 2211 1003 2254 M,
1030 2212 1090 2255 pia
1115 2210 1242 2246 funera
1267 2209 1410 2252 Heme„
1430 2220 1494 2253 per
1514 2210 1590 2245 ina·

162 2271 224 2307 nia
248 2270 427 2315 Bursian,
452 2281 517 2316 per
541 2271 661 2316 patria
685 2270 876 2307 Baehrens
975 2270 1043 2306 180
1068 2271 1175 2304 litore
1200 2280 1234 2312 ς,
1262 2270 1376 2305 lintea
1400 2269 1482 2304 Pol.
1507 2267 1590 2311 (sed

163 2330 243 2376 ipsc
266 2330 424 2376 reiecit),
450 2332 570 2367 altera
597 2329 835 2366 Sandstroem
982 2329 1045 2365 181
1074 2340 1226 2374 querens
1253 2328 1459 2374 nescioquis

167 2389 234 2425 182
259 2391 319 2426 cui
336 2390 393 2435 M,
417 2401 512 2426 corr.
533 2401 555 2431 ς
654 2389 721 2425 189
741 2390 906 2425 reuentia
928 2387 985 2432 M,
1004 2399 1098 2424 corr.
1119 2398 1142 2429 ς
1240 2388 1300 2423 191
1327 2388 1413 2423 lichi
1432 2387 1492 2422 uel
1511 2387 1589 2422 lidii

164 2449 223 2494 M,
246 2460 342 2485 corr.
367 2461 392 2491 ς
511 2449 578 2484 201
608 2459 702 2484 nunc
729 2449 824 2483 simf?
939 2448 1043 2484 c&r&
1069 2447 1118 2482 M
1138 2448 1286 2491 (caerae
1312 2451 1400 2482 teste
1425 2445 1589 2490 Seuer),

165 2513 264 2556 terre
287 2520 323 2553 a,
349 2520 443 2546 corr.
470 2521 493 2552 ς
518 2510 640 2553 Βοηι.,
667 2509 753 2545 inde
779 2519 860 2555 cere
886 2507 938 2544 A‘
1034 2509 1103 2544 202
1130 2508 1267 2544 suulum
1294 2508 1350 2552 M,
1370 2518 1464 2544 corr.
1485 2519 1507 2549 ς
