1872 2930
586 212 892 255 SILVARVM
922 211 1031 254 LIB.
1062 212 1108 254 H
1143 216 1166 255 5
1527 214 1581 254 73

827 462 829 465 .
845 401 901 444 V·

657 507 748 543 LEO
774 506 1082 542 MANSVETVS.

192 594 214 622 -“
248 592 362 649 Quid
392 594 470 636 u‘bi
500 583 736 642 monstrata
763 604 1058 634 mansuescere
1089 591 1249 646 profuit
1279 590 1369 632 ira?

160 664 263 720 quid
292 665 430 708 scelus
460 665 756 718 humanasque
788 664 928 705 animo
960 663 1178 705 dediscere
1210 661 1360 704 caedes

157 737 472 791 imperiumque
502 737 593 790 pati
623 739 666 777 et
696 735 865 787 domino
896 747 1054 790 parere
1085 726 1264 776 mineri‘?

161 799 264 862 quid
295 804 407 862 quod
438 807 559 849 abire
590 806 714 848 domo
745 818 976 859 rursusque
1007 805 1052 846 in
1082 805 1271 846 claustra
1289 806 1462 855 *reuerti
1562 816 1583 849 4

159 881 302 920 suetus
331 881 374 920 et
405 891 431 919 a
460 881 588 932 capta
617 878 704 918 iam
734 880 882 932 sponte
914 875 1116 917 recedere
1147 874 1312 929 praeda

158 950 424 1003 insertasque
455 962 604 990 manus
634 949 734 990 laxo
766 948 982 989 dimittere
1014 946 1182 989 morsu?

251 1019 432 1073 Occidis,
465 1020 652 1062 altarum
683 1023 872 1062 uastator
902 1018 1024 1060 docte
1055 1019 1262 1069 ferarum,

160 1104 243 1134 non
273 1104 407 1147 grege
437 1092 625 1146 Massylo
656 1103 876 1144 curuaque
906 1090 1107 1144 indagine
1138 1090 1320 1141 clausus,
1564 1099 1586 1134 8

160 1176 245 1206 non
274 1163 504 1206 formidato
535 1176 670 1219 supra.
697 1163 912 1206 uenabula
941 1162 1052 1204 saltu

161 1236 314 1277 incitus
345 1239 418 1277 aut
448 1247 573 1277 caeco
604 1235 752 1277 foueae
783 1234 984 1288 deceptus
1017 1233 1152 1284 hiatu,

161 1306 237 1350 sed
266 1307 402 1348 uictus
432 1295 622 1361 fugiente
652 1306 759 1349 fera.
792 1308 875 1346 stat
905 1304 1083 1346 cardine
1112 1307 1262 1358 aperto

162 1378 314 1421 infelix
345 1390 479 1420 cauea
510 1381 554 1419 et
583 1377 748 1419 clausas
780 1377 941 1418 circum
972 1375 1159 1428 undique
1190 1378 1334 1428 portas
1543 1385 1586 1419 12

163 1450 445 1492 hoclicuisse
475 1449 594 1492 nefas
625 1448 791 1503 pardae
822 1449 1020 1502 stupuere
1052 1447 1208 1489 leones,

165 1523 256 1563 tum
288 1521 450 1562 cunctis
481 1520 672 1562 cecidere
703 1521 843 1571 iubae,
876 1518 1111 1574 puduitque
1142 1517 1326 1559 relatum

163 1593 366 1647 aspicere,
399 1595 443 1634 et
473 1594 581 1633 totas
612 1591 774 1633 duxere
805 1591 848 1632 in
879 1589 1044 1631 lumina
1075 1589 1248 1630 frontes.

161 1665 206 1705 at
235 1676 320 1705 non
352 1666 393 1705 te
422 1663 564 1717 primo
595 1662 736 1703 fusum
765 1674 899 1703 nouus
930 1652 1072 1703 obruit
1102 1661 1185 1700 ictu
1546 1670 1590 1704 16

159 1734 236 1777 ille
266 1734 418 1789 pudor:
452 1745 647 1776 mansere
678 1732 832 1785 animi,
853 1733 1076 1785 uirtusque
1107 1729 1274 1771 cadenti

162 1820 190 1848 a
218 1805 360 1848 media
389 1807 476 1847 iam
506 1808 644 1847 morte
675 1804 800 1855 redit,
832 1816 907 1845 nec
939 1803 1133 1857 protinus
1161 1813 1304 1842 omnes

161 1870 286 1932 terga
313 1876 472 1919 dedere
502 1877 662 1919 minae.
694 1876 800 1917 sicut
830 1875 910 1922 sibi
941 1874 1132 1915 conscius
1164 1873 1239 1914 alti

162 1949 356 1992 uulneris
388 1946 618 1990 aduersum
650 1946 840 1992 moriens
870 1946 905 1987 it
935 1944 1058 1987 miles
1090 1947 1133 1986 in
1165 1945 1329 1986 hostem
1547 1955 1592 1990 20

163 2019 404 2072 attollitque
429 2031 604 2060 manum
635 2022 678 2061 et
707 2018 824 2060 ferro
856 2017 1027 2059 labente
1058 2017 1262 2068 minatur,

179 2190 182 2192 v
258 2148 308 2184 V.
332 2148 349 2183 1
376 2150 579 2183 monstrata
610 2146 667 2191 M,
693 2145 792 2191 quod
815 2150 931 2190 tenet),
957 2144 1039 2181 coll.
1065 2143 1117 2179 II
1138 2146 1171 2189 4,
1197 2145 1255 2185 31;
1292 2142 1465 2178 similiter
1495 2142 1592 2177 Ach.

163 2206 193 2244 I
211 2209 284 2244 858
307 2219 397 2254 sqq„-
421 2206 488 2243 ‘Vt
514 2207 735 2242 leo—mores
772 2203 1230 2251 Accepit—hominemque
1267 2201 1390 2238 uereri
1421 2200 1594 2237 Edidicit

164 2267 359 2312 nullasque
383 2265 473 2312 rapi
493 2265 571 2301 nisi
595 2265 717 2301 iussus
743 2264 785 2300 in
809 2264 887 2299 iras
896 2264 914 2308 ',
942 2266 1131 2299 constrata
1163 2274 1185 2304 ς
1210 2261 1332 2307 Dom„
1358 2271 1453 2296 nunc
1473 2264 1594 2296 strata

164 2326 343 2373 Postgate
441 2326 463 2361 6
488 2325 716 2370 incertasque
741 2323 799 2369 M,
824 2334 918 2359 corr.
945 2334 968 2364 ς
1064 2323 1086 2357 8
1113 2322 1272 2367 Massylo
1298 2320 1355 2366 M,
1374 2319 1538 2355 Massilio
1558 2330 1593 2364 a,

166 2386 315 2430 Massilo
333 2383 369 2422 51
467 2383 511 2420 12
531 2385 663 2420 clausis
684 2395 714 2420 c.
735 2395 768 2419 u.
788 2383 904 2428 portIS
923 2382 1043 2428 Lz‘ps„
1069 2387 1111 2417 tu
1130 2382 1178 2426 cf.
1208 2380 1313 2416 Theb.
1346 2379 1432 2414 VII
1446 2382 1520 2415 548
1540 2390 1593 2424 sq.

265 2445 308 2480 13
333 2445 468 2491 pardae
494 2444 648 2489 stipuere
673 2443 818 2489 scripsi,
843 2443 978 2488 placidi
1012 2442 1163 2476 timuere
1190 2440 1247 2485 M,
1279 2440 1409 2484 pauido
1441 2437 1594 2484 Markl.,

169 2504 345 2540 fremuere
370 2503 514 2550 Heius„
541 2508 703 2539 tumuere
728 2502 919 2538 Baehrens
1042 2502 1085 2536 16
1106 2502 1158 2536 Ac
1185 2500 1241 2545 M,
1267 2510 1360 2535 corr.
1388 2510 1410 2540 ς
1435 2498 1473 2532 Α

1429 2570 1452 2604 6
