1872 2930
312 237 366 276 72
774 232 825 275 P.
857 231 1063 275 PAPINI
1094 232 1265 277 STATI

307 378 332 430 †
352 380 392 417 et
427 376 638 430 querulae
668 376 755 417 iam
787 379 936 430 sponte
966 376 1092 419 fores:
1118 382 1245 419 uacat
1274 377 1349 420 ille
1381 378 1531 420 beatus
1596 403 1598 405 -

306 459 455 490 carcer
487 451 529 488 et
561 447 704 489 aurati
735 459 947 501 nusquam
976 448 1170 490 conuicia
1195 447 1313 491 tecti!

398 520 492 561 Huc
525 518 675 562 doctae
706 520 916 574 stipentur
947 532 1064 573 aues,
1097 521 1191 573 quis
1221 520 1364 564 nobile
1395 519 1513 564 fandi
1691 529 1737 568 1ss

307 590 373 631 ius
405 589 569 632 Natura
598 589 728 633 dedit:
761 590 942 646 plangat
972 591 1215 634 Phoebeius
1244 591 1334 635 ales

308 661 561 715 auditasque
593 674 758 704 memor
790 662 956 717 penitus
987 661 1204 706 dimittere
1234 675 1360 706 uoces

309 737 483 775 sturnus
514 737 557 775 et
587 734 730 776 Aonio
759 746 913 776 uersae
943 735 1178 776 certamine
1209 734 1346 790 picae,

310 805 545 860 qu(a)eque
574 805 708 848 refert
732 806 910 861 iungens
939 806 1097 848 iterata
1126 805 1336 849 uocabula
1365 806 1513 849 cornix
1691 815 1740 853 2⁰

308 884 348 919 et
384 890 492 932 quae
525 877 714 919 Bistonio
746 877 942 930 queritur
972 890 1093 920 soror
1124 879 1231 920 orba
1260 877 1404 933 cubili3

310 949 420 991 ferte
452 948 581 990 simul
613 949 796 1003 gemitus
826 953 1090 1004 cognataque
1120 948 1261 991 ducite
1293 948 1477 991 flammis

307 1021 461 1062 fiunera
492 1024 536 1062 et
571 1021 649 1062 hoc
681 1025 854 1062 cunctae
886 1020 1181 1063 miserandum
1213 1020 1419 1063 addiscite
1449 1032 1639 1064 carmen:

402 1091 578 1135 'Occidit
612 1092 760 1134 aeriae
790 1091 1077 1134 celeberrima
1108 1091 1250 1147 gloria
1279 1092 1416 1147 gentis
1691 1102 1739 1138 24

311 1163 528 1218 psittacus,
562 1163 637 1206 ille
668 1163 825 1219 plagae
857 1162 1010 1204 uiridis
1042 1166 1245 1219 regnator
1276 1163 1407 1216 ane;

312 1247 438 1287 quem
471 1247 554 1276 non
585 1238 804 1290 gemmata
834 1233 1020 1276 uolucris
1051 1234 1229 1276 Iunonia
1261 1233 1400 1276 cauda

311 1306 502 1348 uinceret
533 1309 723 1360 aspectu,
755 1305 886 1360 gelidi
918 1318 1003 1348 non
1035 1305 1234 1349 Phasidis
1260 1305 1363 1358 ales,

310 1390 384 1418 nec
419 1389 523 1430 quas
556 1376 715 1418 umenti
747 1375 957 1419 Numidae
988 1388 1174 1431 rapuere
1204 1376 1282 1419 sub
1311 1377 1480 1432 Austr03
1692 1385 1739 1422 28

311 1447 384 1489 ille
416 1447 627 1489 salutator
659 1460 810 1502 regum
842 1459 1083 1502 nomenque
1114 1446 1277 1490 locutus

310 1517 570 1560 Caesareum
602 1521 644 1561 et
677 1517 846 1573 queruli
879 1517 1136 1573 †quonda1n
1168 1519 1261 1562 uice
1293 1518 1459 1562 fimctus
1490 1518 1649 1571 amIci‚'

310 1604 419 1631 nunc
452 1590 634 1632 conuiua
665 1589 772 1632 leuis
804 1593 1121 1643 monstrataque
1153 1589 1335 1634 reddere
1368 1583 1501 1634 uerba

311 1666 399 1704 tam
432 1661 582 1703 facilis:
616 1674 699 1715 quo
736 1664 794 1713 tu,
828 1660 984 1704 Melior
1016 1661 1185 1715 dilecte,
1218 1661 1384 1704 recluso
1694 1671 1741 1710 82

310 1745 545 1786 numquam
577 1732 690 1774 solus
717 1745 828 1775 eras.
862 1733 907 1774 at
937 1746 1019 1774 non
1050 1732 1259 1788 inglorius
1291 1733 1455 1775 umbris

314 1804 513 1846 mittitur:
550 1803 730 1858 Assyrio
757 1804 927 1847 cineres
959 1802 1186 1847 adolentur
1219 1816 1388 1846 amomo

311 1879 355 1916 et
387 1878 532 1916 tenues
563 1874 759 1917 Arabum
792 1875 1007 1930 respirant
1037 1876 1237 1931 gramine
1267 1874 1443 1931 plumae

311 1946 571 1999 Sicaniisque
602 1947 751 2002 crocis;
781 1947 897 1989 senio
928 1959 1004 1989 nec
1038 1947 1172 1990 fessus
1202 1947 1331 1990 inerti
1660 1943 1665 1946 “
1692 1958 1739 1995 36

310 2016 485 2059 scandet
516 2017 714 2059 odoratos
745 2017 940 2060 Phoenix
973 2018 1141 2060 felicior
1171 2016 1320 2074 ignes?
1656 2008 1658 2010 ’

412 2159 454 2194 14
479 2160 623 2204 patulae
670 2158 821 2202 Walter,
862 2159 986 2204 possis
1020 2163 1079 2195 set
1116 2170 1150 2205 p.
1188 2160 1209 2194 i.
1236 2163 1348 2195 morte
1377 2159 1404 2196 f.
1550 2161 1596 2197 15
1620 2160 1743 2198 nunti

312 2218 456 2262 scripsi,
483 2219 624 2261 augusti
650 2218 707 2262 M,
734 2220 878 2262 angusti
906 2230 928 2261 ς
1025 2219 1191 2254 conuicia
1221 2218 1327 2254 MA·
1353 2219 1538 2265 (conuiuia
1558 2219 1601 2264 a)

317 2279 359 2313 18
386 2278 574 2313 demittere
604 2278 766 2314 Gronov.
871 2280 912 2314 19
939 2279 1059 2314 uictae
1073 2278 1211 2315 Markl-
1310 2278 1358 2315 20
1380 2288 1543 2325 quaeque
1560 2277 1744 2322 Sabellio..

315 2337 454 2381 Quique
475 2336 522 2371 M
615 2338 739 2373 cornix
758 2336 1006 2382 Dalechamps
1027 2340 1046 2382 (
1055 2337 1160 2373 Varr.
1183 2338 1205 2373 l.
1226 2337 1272 2375 L.
1301 2336 1361 2373 VI
1374 2340 1432 2374 56.
1451 2336 1557 2374 Ptin.
1575 2347 1613 2374 n.
1639 2336 1674 2375 Ιι.
1702 2336 1745 2373 X

314 2397 414 2439 124),
441 2397 563 2439 perdix
589 2396 637 2430 M
731 2396 776 2432 23
802 2401 951 2433 cunstac
977 2397 1034 2441 M,
1058 2406 1152 2433 corr.
1180 2408 1203 2439 e:
1309 2398 1356 2434 30
1381 2396 1423 2434 in
1453 2390 1631 2444 quondam
1662 2396 1744 2434 iure

312 2453 469 2497 offendit
490 2455 721 2500 Phillimore,
742 2467 850 2501 prope
869 2457 937 2493 iam
963 2456 1127 2492 comesos
1206 2457 1253 2493 32
1271 2458 1407 2494 sodali?
1484 2456 1533 2494 33
1548 2466 1595 2494 ac
1608 2455 1744 2502 Maffit

312 2524 347 2548 m
364 2525 385 2556 τ
399 2515 436 2549 Α
518 2515 575 2550 35.
595 2515 641 2551 36
660 2516 1104 2562 gramina—Sicaniosque
1124 2527 1248 2553 crocos
1268 2516 1407 2552 Markl.
1486 2516 1532 2553 37
1558 2516 1702 2554 scandit
1721 2526 1745 2559 ς
