1872 2930
651 174 683 198 Q

568 247 874 292 SILVARVM
905 248 1014 290 LIB.
1047 249 1089 288 V
1122 253 1146 292 3
1483 253 1565 294 195

138 403 240 432 nm
269 389 384 444 quod
412 401 483 431 me
512 389 652 431 mixta
681 402 862 444 quercus
892 402 979 432 non
1010 391 1163 445 pressit
1193 390 1310 433 oliua

138 463 183 504 et
211 459 322 516 fugit
349 462 545 515 speratus
574 460 726 515 honor,
755 461 923 514 qua(m)
953 460 1076 503 dulce
1107 448 1297 515 parentis
1497 473 1566 508 232

137 530 290 586 &fida
318 530 477 586 Tarpei
505 529 697 572 caneres!
733 533 774 572 te
804 534 950 573 nostra
979 531 1186 586 magistro

96 642 104 649 ,
137 601 325 645 Thebais
353 601 566 657 urguebat
596 602 839 656 priscorum
870 601 1051 644 exordia
1079 605 1243 656 uatum3

137 675 364 716 ιιι-1111111113
394 672 619 715 stimulare
649 685 780 727 meos,
812 676 859 714 tu
887 673 1077 727 pandere
1109 674 1221 715 facta

137 744 320 787 heroum
348 742 536 797 bellique
567 742 713 785 modos
742 743 986 798 positusque
1018 743 1210 785 locorum
1498 756 1567 792 236

136 814 414 859 monstrabas.
447 814 567 857 labat
595 814 759 857 incerto
788 814 897 856 mihi
927 814 1062 856 limite
1093 827 1241 856 cursus

54 923 61 929 .
134 888 179 928 te
207 882 302 928 sine
332 888 376 928 et
406 886 583 931 orbatae
613 886 803 941 caligant
820 886 921 928 uela
945 887 1136 929 carinae.

182 956 195 964 ”
224 957 318 1000 Nec
347 957 486 999 solum
517 957 644 1012 larga
674 960 832 1000 memet
862 958 1022 1012 pietate
1053 958 1238 1000 fouebus:

135 1028 236 1071 talis
265 1031 308 1071 et
337 1029 382 1070 in
413 1028 638 1071 thalamos.
671 1041 760 1070 una
789 1029 867 1071 tibi
897 1029 1066 1083 cognita
1096 1029 1224 1070 taeda
1496 1041 1566 1076 240

134 1099 330 1151 conubia,
361 1113 468 1142 unus
499 1113 634 1143 amor.
665 1102 781 1142 certe
812 1100 1033 1155 seiungere
1063 1103 1248 1142 matrem

134 1170 224 1212 iam
254 1170 408 1226 gelidis
436 1184 602 1226 nequeo
631 1171 777 1226 bustis3
808 1173 848 1214 te
878 1171 1004 1213 sentit
1034 1171 1262 1225 habetque,

135 1244 177 1284 te
205 1241 324 1283 uidet
353 1244 397 1283 et
426 1241 612 1284 tumulos
641 1245 821 1296 ortuque
851 1242 1052 1296 obituque
1083 1241 1256 1294 salutat,

133 1316 182 1355 ut
210 1314 395 1356 Pharios
427 1314 540 1356 aliae
570 1315 671 1355 ficta
700 1315 859 1367 pietate
890 1313 1059 1354 dolores
1493 1325 1562 1360 244

134 1385 472 1440 Mygdoniosque
502 1385 647 1426 colunt
677 1388 719 1425 et
750 1397 834 1425 non
864 1397 942 1424 sua
973 1384 1125 1425 funera
1154 1384 1340 1438 plorant.

225 1453 339 1510 Quid
370 1455 557 1497 referam
588 1455 798 1509 expositos
829 1458 998 1496 seruato
1029 1454 1217 1508 pondere
1248 1456 1410 1498 mores?

134 1538 247 1580 quae
277 1526 429 1581 pietas,
459 1538 591 1580 quam
620 1525 708 1567 uile
739 1525 921 1577 lucrum,
954 1538 1063 1578 quae
1094 1538 1199 1566 cura
1229 1515 1418 1581 pudoris,

134 1599 319 1652 quantus
350 1609 472 1638 amor
503 1595 624 1638 recti!
659 1608 905 1649 rursusque,
937 1595 1009 1638 ubi
1041 1595 1162 1637 dulce
1194 1596 1369 1650 remitti,
1491 1607 1561 1642 248

133 1667 278 1722 gratia
308 1679 417 1721 quae
449 1665 588 1708 dictis!
624 1667 768 1708 animo
799 1678 930 1725 quam
960 1665 1084 1707 nulla
1114 1666 1318 1708 senectus!

229 1771 299 1806 232
324 1782 396 1816 qua
421 1773 528 1807 dusce
555 1771 611 1814 M,
636 1782 706 1817 qua
732 1772 836 1806 dulce
862 1769 936 1815 M1,
961 1781 1066 1816 quam
1093 1772 1197 1806 dulce
1223 1771 1268 1806 R.
1302 1771 1434 1817 Vnyer,
1455 1783 1560 1817 quum

134 1831 240 1866 dulce
257 1831 403 1866 Auant.
501 1830 570 1866 233
590 1831 914 1874 aegida—caneres
930 1830 970 1876 (i.
985 1829 1105 1874 'quam
1125 1829 1227 1865 dulci
1246 1831 1407 1866 carmine
1429 1830 1561 1866 Caesa·

133 1899 209 1924 rem
229 1889 447 1934 placatus-us
465 1889 586 1935 csse-⁸²)
610 1889 754 1934 scripsi,
779 1888 1102 1933 Inuida—caperes
1117 1888 1167 1923 M
1259 1889 1448 1924 231—235
1468 1889 1502 1924 N
1505 1900 1560 1924 um

133 1948 229 1993 quod
247 1958 337 1983 me...
356 1947 453 1992 fugit
477 1951 640 1993 speratus
666 1948 790 1990 honor,
817 1958 897 1983 cum
916 1948 996 1982 luce
1015 1958 1048 1992 p.
1074 1947 1186 1982 Irrita
1199 1948 1239 1982 T.
1254 1951 1402 1983 caneret
1415 1951 1451 1983 te
1466 1959 1500 1983 n.
1516 1960 1559 1983 m.

133 2007 199 2042 Th.
220 2006 391 2053 (urebant
415 2018 450 2052 p.
475 2018 527 2042 ex.
554 2007 617 2053 u.):
643 2007 697 2041 Tu
722 2010 850 2042 cantus
876 2017 948 2051 eqS.
967 2006 1112 2049 Heius„
1139 2006 1231 2041 Nam
1247 2008 1365 2051 quid...
1381 2017 1461 2043 cum
1480 2009 1560 2042 luce

133 2076 168 2110 p.
192 2066 304 2101 Iri-ita
329 2066 369 2101 T.
395 2067 579 2101 canerem?
607 2065 783 2108 Gronau„
809 2066 887 2101 Heu
912 2067 1042 2111 quod...
1070 2076 1149 2101 cum
1176 2067 1294 2100 lustra
1319 2077 1350 2110 p.
1374 2067 1500 2101 Inuida
1519 2067 1559 2102 T.

133 2134 299 2160 canerem
325 2123 478 2168 Marta„
503 2135 574 2171 qua
593 2126 673 2160 luce
692 2136 725 2170 p.
745 2126 874 2160 Inuida
893 2125 933 2160 Τ.
953 2135 1059 2169 rupes
1081 2124 1314 2169 Oudendorp,
1336 2125 1411 2160 Iam
1431 2128 1560 2170 quod...

133 2194 240 2230 quam
265 2185 382 2228 dulce,
407 2189 558 2230 paratus
583 2186 670 2220 Cum
696 2186 774 2220 uice
799 2185 840 2220 T.
866 2188 1046 2228 streperet
1071 2188 1108 2219 te
1133 2196 1167 2219 11.
1189 2195 1233 2219 111.
1260 2185 1424 2219 Thebais!
1450 2185 1560 2228 Vrge—

133 2245 226 2280 bant
249 2244 297 2280 R.
328 2244 463 2290 Vnyer,
484 2255 593 2290 quam
618 2246 723 2280 dulce
746 2245 908 2290 parentis
933 2244 1066 2279 Intima
1090 2244 1127 2278 T.
1163 2245 1319 2289 caperes!
1359 2243 1560 2286 Baehrens,

133 2313 242 2349 quam
268 2305 373 2340 dulce
396 2314 431 2350 p.
456 2304 560 2340 Inuia
584 2305 624 2340 T.
652 2315 799 2349 caperes
823 2304 935 2347 Ellis,
962 2305 1014 2339 ita.
1039 2305 1143 2339 dulce
1162 2304 1305 2348 parenti
1325 2303 1452 2338 Mundi
1470 2303 1559 2338 Tar-

132 2359 285 2409 peioque
306 2365 405 2409 patri
428 2363 639 2406 Bottiaeam,
664 2374 818 2409 quonum
842 2374 954 2408 usque
978 2364 1140 2408 parentis
1177 2362 1343 2397 Fulmina
1379 2362 1420 2397 T.
1455 2364 1559 2397 cade-

133 2423 236 2459 rent?
259 2421 409 2459 Korsch
552 2424 620 2460 237
648 2425 762 2459 limite
788 2433 914 2459 cursus
941 2421 996 2465 Μ,
1022 2423 1155 2458 lumine
1181 2432 1305 2457 rursus
1331 2433 1367 2465 α,
1393 2420 1460 2457 ‘.D.
1481 2432 1560 2457 cur-

133 2480 207 2517 sus'
231 2480 327 2527 Pol„
350 2481 471 2517 limice
489 2482 525 2519 Ἀ
549 2492 674 2518 uersus
699 2479 750 2516 A'
859 2482 925 2516 241
955 2482 984 2516 si
1011 2482 1157 2524 iungere
1184 2479 1298 2523 MA*‚
1330 2491 1422 2515 corr.
1450 2479 1562 2515 Dom.

232 2540 301 2576 242
327 2544 365 2576 et
389 2540 445 2584 M,
471 2552 564 2577 corr.
589 2540 698 2577 Dom-
