1872 2930
269 227 352 267 124
744 224 793 266 P.
827 224 1033 269 PAPINI
1064 225 1236 270 STATI

337 364 472 406 mium
517 365 739 417 Seuerum,
779 367 992 422 iuuenem,
1037 370 1098 410 uti
1128 370 1226 425 scis,
1258 370 1372 412 inter
1409 372 1629 414 ornatissi-

337 450 428 479 mos
458 435 629 478 secundi
661 436 837 490 ordinis,
870 441 990 480 tuum
1022 439 1194 494 quidem
1213 443 1258 483 et
1277 441 1628 499 condiscipulum,

334 507 407 550 sed
440 508 548 549 mihi
579 508 692 550 citra
723 509 803 551 hoc
835 522 1003 564 quoque
1034 510 1100 552 ius
1131 512 1343 555 artissime
1373 526 1537 558 carum.
1657 526 1702 562 16

337 577 446 620 Nam
481 577 672 620 Vindicis
702 580 836 622 nostri
866 579 1101 622 Herculem
1132 581 1440 636 Epitrapezion
1476 595 1629 626 secun-

334 649 437 691 dum
470 650 690 704 honorem,
721 662 848 705 quem
881 651 934 693 de
964 664 1034 694 me
1065 655 1109 694 et
1137 652 1191 694 de
1222 653 1324 707 ipsis
1354 652 1503 696 studiis
1539 666 1629 697 me-

266 731 280 747 ·-
337 723 471 774 retur,
502 721 718 775 imputare
749 722 879 763 etiam
911 722 988 764 tibi
1013 735 1197 777 possum.
1289 723 1530 767 Maximum
1550 725 1629 766 Vi-

336 791 449 833 bium
493 794 537 833 et
566 792 785 846 dignitatis
829 795 874 852 et
900 793 1168 848 eloquentiae
1215 796 1389 838 nomine
1422 808 1449 837 a
1479 796 1602 839 nobis
1654 807 1703 843 20

336 862 458 917 diligi
501 863 602 904 satis
646 875 767 904 eram
811 866 986 906 testatus
1029 865 1222 919 epistola,
1255 879 1384 920 quam
1418 866 1473 909 ad
1503 866 1627 909 inum

336 933 389 976 de
421 933 605 977 editione
636 933 878 977 Thebaidos
896 948 1019 978 meae
1046 935 1280 993 publicani,
1299 937 1375 980 scd
1394 951 1506 980 nunc
1526 951 1630 993 quo-

337 1018 419 1059 que
463 1018 561 1047 eum
606 1006 768 1048 reuerti
812 1006 1021 1048 maturius
1065 1019 1119 1049 ex
1150 1007 1372 1051 Dalmatia
1411 1022 1531 1065 rogo.

339 1077 491 1117 Iuncta
521 1079 583 1117 est
615 1076 763 1131 ecloga
793 1076 847 1118 ad
879 1078 1140 1133 municipem
1172 1092 1315 1121 meum
1347 1079 1506 1122 Iulium
1536 1080 1626 1124 Me·
1652 1091 1699 1127 24

340 1150 576 1201 necratem,
607 1137 876 1202 splendidum
920 1149 1119 1191 iuuenem
1149 1154 1194 1192 et
1223 1150 1353 1192 Pollii
1383 1152 1469 1194 mei
1500 1164 1626 1207 gene—

339 1232 451 1270 rum,
483 1218 552 1260 cui
582 1219 779 1274 gratulor
810 1219 922 1273 quod
965 1219 1197 1275 Neapolim
1227 1226 1417 1264 nostram
1447 1235 1627 1266 numero

268 1300 287 1311 ⁸
339 1289 575 1331 liberorum
596 1290 903 1333 honestauerit.
996 1291 1138 1333 Plotio
1155 1291 1322 1348 Grypo,
1338 1294 1513 1335 maioris
1524 1307 1628 1350 gra·

337 1359 416 1401 dus
448 1361 606 1415 iuueni,
636 1359 805 1415 dignius
834 1361 1086 1416 opusculum
1117 1362 1311 1415 reddam,
1341 1363 1417 1406 sed
1453 1364 1626 1407 interim
1651 1374 1700 1411 28

339 1430 736 1485 hendecasyllaboS,
768 1444 873 1486 quos
892 1432 1188 1476 Saturnalibus
1208 1447 1292 1475 una
1322 1435 1507 1491 risimus,
1526 1435 1638 1478 hnic*

340 1502 545 1544 uolumini
578 1503 749 1545 inserui.

429 1572 574 1628 Quare
606 1585 710 1628 ergo
741 1574 869 1629 plura
900 1575 945 1616 in
977 1579 1130 1629 quarto
1160 1575 1379 1619 Siluarum
1422 1588 1553 1632 quam
1581 1578 1628 1620 in

337 1645 574 1699 prioribus?
603 1658 656 1687 ne
686 1656 732 1688 se
764 1649 914 1700 putent
946 1646 1107 1701 aliquid
1126 1647 1275 1702 egisse,
1297 1649 1369 1702 qui
1391 1649 1629 1703 reprehen-
1651 1659 1700 1695 32

336 1715 506 1770 derunt,
550 1720 597 1757 ut
641 1716 781 1771 audio,
826 1717 939 1771 quod
981 1718 1061 1759 hoc
1104 1718 1191 1760 stili
1224 1731 1355 1773 genus
1385 1718 1626 1765 edidissem.

339 1787 526 1841 primum
570 1798 884 1842 superuacuum
931 1792 995 1830 est
1037 1788 1282 1832 dissuadere
1329 1802 1422 1832 rem
1446 1790 1626 1846 ‘factam3

336 1857 490 1900 deinde
521 1858 659 1900 multa
689 1871 745 1901 ex
775 1858 862 1901 illis
893 1860 980 1901 iam
1011 1859 1180 1902 domino
1211 1859 1387 1903 Caesari
1405 1861 1639 1915 dederant,⁴

266 1942 274 1974 ε
337 1932 381 1971 et
422 1933 583 1983 quanto
629 1930 708 1972 hoc
751 1929 848 1984 plus
891 1934 955 1972 est
1000 1943 1130 1985 quam
1176 1931 1320 1975 edere!
1416 1932 1628 1976 Exercet&
1651 1942 1700 1979 36

338 2005 482 2043 autem
515 2002 607 2043 ioco
637 2013 718 2043 non
750 2001 872 2044 licet?
903 2001 1088 2045 'secreto’
1119 2003 1272 2057 inquit.
1303 2003 1376 2047 sed
1407 2010 1451 2047 et
1470 2004 1641 2059 ephee-1

339 2073 559 2114 romachia
589 2074 824 2127 spectantes
854 2076 898 2115 et
928 2073 1091 2128 palai-is
1122 2074 1231 2116 lusio
1261 2075 1461 2119 admittit.
1487 2076 1643 2118 nouis--

364 2213 405 2247 14
433 2214 619 2258 septimum
645 2214 701 2257 M,
733 2215 934 2260 septimium
965 2214 1063 2250 M'A
1167 2217 1212 2251 16
1236 2217 1330 2252 citra
1359 2215 1475 2261 Nohl,
1495 2219 1629 2253 contra
1651 2216 1703 2252 M

361 2272 406 2306 20
432 2274 567 2308 uinium
593 2273 649 2316 M,
677 2275 812 2309 iunium
837 2285 871 2317 α,
899 2275 1034 2310 uiuium
1060 2274 1180 2319 M’A,
1218 2286 1350 2311 nomen
1375 2287 1394 2311 e
1431 2274 1619 2321 lapidabas
1642 2287 1699 2312 re·

264 2331 387 2366 stituit
419 2331 580 2368 Vollmer
649 2334 721 2378 ‚29
747 2334 895 2369 lusimus
919 2333 1139 2370 Phillimore
1235 2334 1282 2371 36
1306 2340 1347 2372 at
1370 2346 1404 2381 q.
1431 2346 1455 2377 ς
1597 2345 1696 2372 0101·-

265 2401 346 2425 cere
372 2391 428 2435 M,
455 2404 547 2427 corr.
574 2404 607 2434 ς,
641 2404 806 2429 exercere
838 2398 957 2429 autom
992 2398 1159 2437 <artcm>
1182 2394 1401 2431 Phillimore
1522 2395 1567 2432 37
1599 2396 1697 2432 iocos

265 2448 373 2485 Doni.
490 2451 535 2486 38
561 2453 856 2496 sphaeromachian
892 2455 1088 2498 spectantis
1123 2453 1351 2498 Phillimore,
1383 2455 1716 2500 sphaeromachias,

266 2506 364 2551 MA,
399 2513 600 2554 spectamus
629 2510 678 2545 M
770 2512 906 2566 palaris
935 2512 1034 2555 MA,
1053 2514 1180 2558 piloris
1199 2524 1222 2555 ς·
1330 2515 1487 2551 admittit
1510 2513 1613 2559 MA,
1635 2515 1699 2566 pd-
