1872 2930
588 241 896 299 SILYARVM
925 241 1033 284 ΗΒ.
1066 243 1117 284 11:
1145 246 1168 285 2
1528 249 1584 290 63

160 383 318 440 gaudet
347 383 516 426 humus.
547 396 657 425 nuno
686 395 814 425 cerne
842 385 989 438 iugum
1019 383 1225 427 discentia
1255 398 1364 427 saxa

157 455 450 508 intrantesque
477 453 626 497 domos
655 455 900 509 iussumque
930 455 1134 498 recedere
1165 461 1366 499 montem.

158 525 246 569 inm
275 524 574 579 Methymnaei
605 526 715 567 uatis
745 539 894 568 manus
925 530 967 569 et
996 526 1145 580 chelys
1176 540 1264 569 una
1538 541 1585 575 60

22 644 27 649 ,
157 596 345 640 Thebais
374 599 419 639 et
448 595 590 640 Getici
619 596 743 639 cedat
772 598 846 639 tibi
879 597 1020 652 gloria
1048 598 1215 652 plectri:
1532 639 1536 642 Α

0 635 43 728 ξ]
156 671 202 710 et
231 671 279 711 tu
306 681 415 710 saxa
445 681 604 720 moueS‚
636 671 679 710 et
710 671 752 710 te
782 681 959 711 nemora
989 669 1079 726 alta
1108 674 1357 723 sequuntur.
1415 690 1417 693 ·
1473 686 1478 691 ’
1527 689 1533 693 ·

0 734 7 801 ζ
186 796 191 801 ¹
249 738 364 795 Quid
392 739 582 782 referam
613 743 780 783 ueteres
809 746 1019 793 ceraeque
1051 741 1248 794 aerisque
1279 742 1453 796 figuras,

0 820 10 856 ξ
156 811 206 854 εἰ
223 810 328 865 quid
359 810 532 866 Apellei
564 811 750 866 gaudent
781 813 989 854 animasse
1019 811 1195 863 colores,
1538 826 1585 860 64

0 919 7 941 f

155 883 194 924 si
224 881 326 936 quid
356 881 495 924 adhuc
527 896 676 935 uacua,
709 887 851 925 tamen
881 883 1148 934 admirabile,
1180 884 1283 927 Pisa

156 952 388 996 Phidiacae
419 966 567 996 rasere
598 968 776 1007 manus,
793 955 906 1009 quod
936 956 991 997 ab
1021 958 1114 997 arte
1146 955 1340 1009 Myronis

157 1028 233 1066 aut
262 1023 506 1078 Polycleteo
532 1025 693 1067 iussum
724 1029 789 1068 est
817 1025 930 1079 quod
960 1026 1108 1067 uiuere
1138 1026 1272 1074 caelo,
1294 1061 1296 1064 .
1352 1051 1355 1055 ·

157 1108 347 1150 aeraque
377 1097 431 1139 ab
461 1096 702 1138 Isthmiacis
732 1110 839 1139 auro
868 1097 1036 1151 potiora
1060 1097 1235 1149 familis,
1535 1109 1581 1144 68

155 1179 236 1209 ora
263 1165 423 1208 ducum
450 1180 499 1208 ae
530 1170 678 1208 uatum
707 1168 1033 1222 sapientumque
1064 1182 1141 1210 ora
1171 1169 1379 1223 priorum,

157 1248 262 1291 quos
292 1237 366 1280 tibi
397 1251 503 1279 cura
531 1239 665 1292 sequi,
698 1251 801 1292 quos
832 1243 919 1282 toto
949 1244 1122 1294 pectore
1153 1240 1294 1291 sentis,

155 1321 314 1364 expers
342 1323 546 1351 curarum
577 1314 706 1364 atque
737 1312 925 1352 animum
956 1313 1114 1353 uirtute
1147 1313 1292 1364 quieta

155 1381 412 1435 compositus
441 1393 697 1435 semperque
729 1383 846 1425 tuus?

871 1454 984 1509 Quid
1014 1455 1135 1497 mille
1155 1454 1377 1497 reuoluam
1537 1466 1582 1501 72

156 1523 361 1565 culmina·
378 1524 628 1578 uisendique
659 1525 795 1567 uices?
824 1538 901 1568 sua
930 1527 1083 1580 cuique
1115 1515 1312 1581 uoluptas
1382 1535 1387 1544 ¹

156 1589 285 1648 atque
317 1597 431 1637 omni
462 1598 688 1651 proprium
719 1597 913 1640 thalamo
942 1610 1079 1650 mare,
1098 1601 1299 1651 transque
1317 1598 1534 1640 iacentem·

159 1665 306 1709 Nerea
334 1666 515 1709 diuersis
544 1669 678 1710 seruit
707 1682 785 1710 sua
815 1671 934 1710 terra
963 1669 1173 1711 fenestris:

158 1737 265 1779 haec
296 1737 413 1780 uidet
443 1738 680 1792 Inarimen,
710 1739 829 1781 illinc
859 1739 1073 1794 Prochyta
1103 1754 1257 1795 aspera
1286 1746 1430 1795 paren„
1454 1766 1457 1777 2
1536 1753 1580 1787 76

155 1809 348 1864 armiger
379 1809 460 1851 hac
491 1811 636 1865 magni
666 1815 783 1865 patet
813 1811 1024 1864 Hectoris,
1054 1812 1154 1854 inde
1185 1811 1419 1867 malignum

155 1885 262 1921 aera
290 1881 474 1935 respirat
503 1881 660 1936 pelago
690 1883 940 1924 circumflua
968 1883 1107 1938 Nesis;

155 1949 253 1993 inde
284 1951 406 2006 uagis
435 1964 559 1994 omen
589 1952 695 1994 felix
726 1953 918 2005 Euploea
948 1955 1103 1996 carinis

155 2033 350 2076 quaeque
381 2022 477 2064 ferit
509 2036 661 2066 curuos
691 2029 846 2066 exerta
875 2025 1063 2080 Megalia
1093 2026 1255 2078 ssuctus3
1305 2066 1310 2068 a
1406 2067 1436 2069 ,,
1488 2067 1498 2069 7,
1533 2038 1578 2073 80

155 2094 339 2149 angitur
356 2098 399 2136 et
429 2093 598 2137 domino
628 2099 776 2137 contra
806 2097 1034 2139 recubante
1066 2097 1299 2151 proculque
1354 2110 1366 2143 J

249 2284 296 2320 59
321 2284 589 2329 intrantemque
616 2283 814 2320 Rothstein
934 2286 980 2320 60
1005 2295 1059 2319 me
1084 2286 1217 2331 tymnei
1242 2285 1299 2328 M,
1334 2286 1517 2332 mytilenei
1542 2297 1576 2328 α,

155 2341 379 2388 Methymnei
404 2342 443 2378 A
541 2343 586 2377 67
613 2344 796 2387 polieliteo
823 2343 879 2388 M,
905 2354 997 2379 corr.
1019 2354 1055 2378 m
1152 2345 1195 2380 71
1223 2345 1413 2380 turbarum·
1436 2344 1575 2380 Markl.

155 2430 157 2433 .
209 2403 211 2405 “
250 2401 297 2437 73
322 2402 459 2438 lumina
497 2401 600 2438 Lem
743 2403 788 2438 76
808 2403 964 2447 proclita
1000 2403 1057 2448 M,
1094 2414 1188 2439 corr.
1227 2415 1250 2446 ς
1395 2404 1439 2439 78
1464 2406 1576 2440 nessis

151 2460 254 2505 MA,
279 2471 372 2497 corr.
400 2473 423 2504 ς
532 2462 577 2498 79
602 2463 701 2498 cauis
729 2474 752 2505 ς
848 2463 982 2499 euboea
1007 2462 1105 2507 MA,
1132 2474 1224 2499 corr.
1253 2475 1275 2505 τ
1301 2464 1453 2509 (Euplea
1473 2464 1578 2508 Pol.)

249 2516 296 2555 80
316 2522 404 2556 terit
418 2521 550 2557 Heius.
648 2522 690 2557 81
714 2525 752 2557 et
768 2522 823 2565 M,
844 2523 927 2558 hine.
947 2522 1099 2565 Markl„
1120 2523 1187 2558 hac
1209 2523 1408 2566 Baehrens,
1429 2535 1473 2559 en
1493 2535 1577 2559 con-
