<?xml version="1.0" encoding="UTF-8"?>
<!DOCTYPE html PUBLIC "-//W3C//DTD XHTML 1.0 Transitional//EN"
    "http://www.w3.org/TR/xhtml1/DTD/xhtml1-transitional.dtd">
<html xmlns="http://www.w3.org/1999/xhtml" xml:lang="en" lang="en">
 <head>
  <title>
</title>
<meta http-equiv="Content-Type" content="text/html;charset=utf-8" />
  <meta name='ocr-system' content='tesseract 3.04.00' />
  <meta name='ocr-capabilities' content='ocr_page ocr_carea ocr_par ocr_line ocrx_word'/>
</head>
<body>
  <div class='ocr_page' id='page_1' title='image "./silvaestat00statuoft_0032.png"; bbox 0 0 1872 2930; ppageno 0'>
   <div class='ocr_carea' id='block_1_1' title="bbox 285 172 1234 218">
    <p class='ocr_par' dir='ltr' id='par_1_1' title="bbox 285 172 1234 218">
     <span class='ocr_line' id='line_1_1' title="bbox 285 172 1234 218; baseline -0.002 -2"><span class='ocrx_word' id='word_1_1' title='bbox 285 175 342 218; x_wconf 83' lang='lat'><strong>20</strong></span> <span class='ocrx_word' id='word_1_2' title='bbox 748 174 797 217; x_wconf 88' lang='lat' dir='ltr'><strong>P.</strong></span> <span class='ocrx_word' id='word_1_3' title='bbox 831 172 1033 216; x_wconf 78' lang='lat' dir='ltr'>PAPINI</span> <span class='ocrx_word' id='word_1_4' title='bbox 1065 172 1234 215; x_wconf 82' lang='lat' dir='ltr'>STATI</span> 
     </span>
    </p>
   </div>
   <div class='ocr_carea' id='block_1_2' title="bbox 255 312 1712 2141">
    <p class='ocr_par' dir='ltr' id='par_1_2' title="bbox 282 312 1711 512">
     <span class='ocr_line' id='line_1_2' title="bbox 282 312 1605 368; baseline -0.002 -11"><span class='ocrx_word' id='word_1_5' title='bbox 282 328 363 358; x_wconf 88' lang='lat' dir='ltr'><strong>non</strong></span> <span class='ocrx_word' id='word_1_6' title='bbox 395 328 515 358; x_wconf 87' lang='lat' dir='ltr'><strong>secus</strong></span> <span class='ocrx_word' id='word_1_7' title='bbox 533 315 651 358; x_wconf 83' lang='lat' dir='ltr'><strong>alma</strong></span> <span class='ocrx_word' id='word_1_8' title='bbox 669 315 814 357; x_wconf 87' lang='lat' dir='ltr'><strong>Venus</strong></span> <span class='ocrx_word' id='word_1_9' title='bbox 833 327 961 368; x_wconf 84' lang='lat' dir='ltr'><strong>quam</strong></span> <span class='ocrx_word' id='word_1_10' title='bbox 979 314 1015 356; x_wconf 90' lang='lat' dir='ltr'><strong>si</strong></span> <span class='ocrx_word' id='word_1_11' title='bbox 1036 314 1217 368; x_wconf 81' lang='lat' dir='ltr'><strong>Paphon</strong></span> <span class='ocrx_word' id='word_1_12' title='bbox 1235 325 1423 367; x_wconf 83' lang='lat' dir='ltr'><strong>aequore</strong></span> <span class='ocrx_word' id='word_1_13' title='bbox 1442 313 1497 356; x_wconf 85' lang='lat' dir='ltr'><strong>ab</strong></span> <span class='ocrx_word' id='word_1_14' title='bbox 1516 312 1605 356; x_wconf 82' lang='lat' dir='ltr'><strong>alto</strong></span> 
     </span>
     <span class='ocr_line' id='line_1_3' title="bbox 284 384 1711 440; baseline -0.001 -12"><span class='ocrx_word' id='word_1_15' title='bbox 284 386 528 439; x_wconf 73' lang='lat' dir='ltr'>Idaliasque</span> <span class='ocrx_word' id='word_1_16' title='bbox 558 386 705 428; x_wconf 83' lang='lat' dir='ltr'><strong>domos</strong></span> <span class='ocrx_word' id='word_1_17' title='bbox 734 386 1012 440; x_wconf 79' lang='lat' dir='ltr'><strong>Erycinaque</strong></span> <span class='ocrx_word' id='word_1_18' title='bbox 1044 385 1206 440; x_wconf 82' lang='lat' dir='ltr'><strong>templa</strong></span> <span class='ocrx_word' id='word_1_19' title='bbox 1241 384 1416 427; x_wconf 84' lang='lat' dir='ltr'><strong>subiret.</strong></span> <span class='ocrx_word' id='word_1_20' title='bbox 1642 394 1711 432; x_wconf 73' lang='grc' dir='ltr'><strong>ιω</strong></span> 
     </span>
     <span class='ocr_line' id='line_1_4' title="bbox 284 455 1263 512; baseline -0.002 -13"><span class='ocrx_word' id='word_1_21' title='bbox 284 462 381 499; x_wconf 79' lang='lat' dir='ltr'><strong>tunc</strong></span> <span class='ocrx_word' id='word_1_22' title='bbox 411 458 547 512; x_wconf 81' lang='lat' dir='ltr'><strong>ipsam</strong></span> <span class='ocrx_word' id='word_1_23' title='bbox 579 456 670 498; x_wconf 83' lang='lat' dir='ltr'><strong>solo</strong></span> <span class='ocrx_word' id='word_1_24' title='bbox 702 456 907 499; x_wconf 74' lang='lat' dir='ltr'><strong>reclinem</strong></span> <span class='ocrx_word' id='word_1_25' title='bbox 940 455 1089 499; x_wconf 79' lang='lat' dir='ltr'><strong>adfata</strong></span> <span class='ocrx_word' id='word_1_26' title='bbox 1118 456 1263 499; x_wconf 83' lang='lat' dir='ltr'><strong>cubili:</strong></span> 
     </span>
    </p>

    <p class='ocr_par' dir='ltr' id='par_1_3' title="bbox 255 525 1712 2141">
     <span class='ocr_line' id='line_1_5' title="bbox 375 525 1625 582; baseline 0.002 -14.032"><span class='ocrx_word' id='word_1_27' title='bbox 375 526 585 582; x_wconf 87' lang='lat' dir='ltr'><strong>&#39;Quonam</strong></span> <span class='ocrx_word' id='word_1_28' title='bbox 616 527 688 569; x_wconf 89' lang='lat' dir='ltr'><strong>hic</strong></span> <span class='ocrx_word' id='word_1_29' title='bbox 719 539 855 580; x_wconf 87' lang='lat' dir='ltr'><strong>usque</strong></span> <span class='ocrx_word' id='word_1_30' title='bbox 884 539 1011 582; x_wconf 87' lang='lat' dir='ltr'><strong>sopor</strong></span> <span class='ocrx_word' id='word_1_31' title='bbox 1040 527 1255 580; x_wconf 82' lang='lat' dir='ltr'><strong>uacuique</strong></span> <span class='ocrx_word' id='word_1_32' title='bbox 1284 526 1488 571; x_wconf 85' lang='lat' dir='ltr'><strong>modestia</strong></span> <span class='ocrx_word' id='word_1_33' title='bbox 1507 525 1625 581; x_wconf 72' lang='lat' dir='ltr'><strong>lecti,</strong></span> 
     </span>
     <span class='ocr_line' id='line_1_6' title="bbox 283 596 1701 653; baseline 0 -13"><span class='ocrx_word' id='word_1_34' title='bbox 283 611 308 640; x_wconf 97' lang='lat' dir='ltr'><strong>o</strong></span> <span class='ocrx_word' id='word_1_35' title='bbox 339 599 445 639; x_wconf 88' lang='lat' dir='ltr'><strong>mihi</strong></span> <span class='ocrx_word' id='word_1_36' title='bbox 477 598 712 640; x_wconf 73' lang='lat' dir='ltr'><strong>Laurentes</strong></span> <span class='ocrx_word' id='word_1_37' title='bbox 742 598 856 640; x_wconf 88' lang='lat' dir='ltr'><strong>inter</strong></span> <span class='ocrx_word' id='word_1_38' title='bbox 886 597 1047 640; x_wconf 83' lang='lat' dir='ltr'><strong>dilecta</strong></span> <span class='ocrx_word' id='word_1_39' title='bbox 1075 596 1267 653; x_wconf 84' lang='lat' dir='ltr'><strong>puellas?</strong></span> <span class='ocrx_word' id='word_1_40' title='bbox 1688 635 1701 645; x_wconf 59' lang='lat'>„</span> 
     </span>
     <span class='ocr_line' id='line_1_7' title="bbox 282 667 1710 723; baseline 0.004 -14"><span class='ocrx_word' id='word_1_41' title='bbox 282 670 376 722; x_wconf 88' lang='lat' dir='ltr'><strong>quis</strong></span> <span class='ocrx_word' id='word_1_42' title='bbox 408 682 574 710; x_wconf 86' lang='lat' dir='ltr'><strong>morum</strong></span> <span class='ocrx_word' id='word_1_43' title='bbox 606 667 797 722; x_wconf 86' lang='lat' dir='ltr'><strong>fideique</strong></span> <span class='ocrx_word' id='word_1_44' title='bbox 828 668 998 711; x_wconf 83' lang='lat' dir='ltr'><strong>modus?</strong></span> <span class='ocrx_word' id='word_1_45' title='bbox 1027 680 1319 723; x_wconf 83' lang='lat' dir='ltr'><strong>numquamne</strong></span> <span class='ocrx_word' id='word_1_46' title='bbox 1350 668 1471 711; x_wconf 89' lang='lat' dir='ltr'><strong>uirili</strong></span> <span class='ocrx_word' id='word_1_47' title='bbox 1640 678 1710 715; x_wconf 67' lang='grc'><strong>184</strong></span> 
     </span>
     <span class='ocr_line' id='line_1_8' title="bbox 282 739 1349 794; baseline 0.004 -14"><span class='ocrx_word' id='word_1_48' title='bbox 282 740 549 781; x_wconf 77' lang='lat' dir='ltr'><strong>summittere</strong></span> <span class='ocrx_word' id='word_1_49' title='bbox 579 739 704 794; x_wconf 81' lang='lat' dir='ltr'><strong>iugo?</strong></span> <span class='ocrx_word' id='word_1_50' title='bbox 733 740 878 782; x_wconf 86' lang='lat' dir='ltr'><strong>ueniet</strong></span> <span class='ocrx_word' id='word_1_51' title='bbox 906 740 995 782; x_wconf 81' lang='lat' dir='ltr'><strong>iam</strong></span> <span class='ocrx_word' id='word_1_52' title='bbox 1026 739 1189 782; x_wconf 82' lang='lat' dir='ltr'><strong>tristior</strong></span> <span class='ocrx_word' id='word_1_53' title='bbox 1220 748 1349 784; x_wconf 78' lang='lat' dir='ltr'><strong>aetas.</strong></span> 
     </span>
     <span class='ocr_line' id='line_1_9' title="bbox 282 810 1335 864; baseline 0.001 -12"><span class='ocrx_word' id='word_1_54' title='bbox 282 822 438 852; x_wconf 84' lang='lat' dir='ltr'><strong>exerce</strong></span> <span class='ocrx_word' id='word_1_55' title='bbox 470 810 654 852; x_wconf 80' lang='lat' dir='ltr'><strong>sormam</strong></span> <span class='ocrx_word' id='word_1_56' title='bbox 686 813 729 852; x_wconf 87' lang='lat' dir='ltr'><strong>et</strong></span> <span class='ocrx_word' id='word_1_57' title='bbox 759 810 1017 864; x_wconf 73' lang='lat' dir='ltr'><strong>fugientibus</strong></span> <span class='ocrx_word' id='word_1_58' title='bbox 1046 815 1170 853; x_wconf 79' lang='lat' dir='ltr'><strong>utere</strong></span> <span class='ocrx_word' id='word_1_59' title='bbox 1199 810 1335 854; x_wconf 85' lang='lat' dir='ltr'><strong>donis.</strong></span> 
     </span>
     <span class='ocr_line' id='line_1_10' title="bbox 283 880 1377 935; baseline 0 -13"><span class='ocrx_word' id='word_1_60' title='bbox 283 894 366 923; x_wconf 89' lang='lat' dir='ltr'><strong>non</strong></span> <span class='ocrx_word' id='word_1_61' title='bbox 396 880 493 923; x_wconf 90' lang='lat' dir='ltr'><strong>ideo</strong></span> <span class='ocrx_word' id='word_1_62' title='bbox 525 880 602 923; x_wconf 85' lang='lat' dir='ltr'><strong>tibi</strong></span> <span class='ocrx_word' id='word_1_63' title='bbox 633 880 720 922; x_wconf 84' lang='lat' dir='ltr'><strong>tale</strong></span> <span class='ocrx_word' id='word_1_64' title='bbox 751 880 879 922; x_wconf 87' lang='lat' dir='ltr'><strong>decus</strong></span> <span class='ocrx_word' id='word_1_65' title='bbox 909 880 1139 934; x_wconf 88' lang='lat' dir='ltr'><strong>uultusque</strong></span> <span class='ocrx_word' id='word_1_66' title='bbox 1169 882 1377 935; x_wconf 84' lang='lat' dir='ltr'><strong>superbos</strong></span> 
     </span>
     <span class='ocr_line' id='line_1_11' title="bbox 285 951 1711 1007; baseline 0.005 -15"><span class='ocrx_word' id='word_1_67' title='bbox 285 963 436 1005; x_wconf 86' lang='lat' dir='ltr'><strong>meque</strong></span> <span class='ocrx_word' id='word_1_68' title='bbox 467 951 581 1003; x_wconf 67' lang='lat' dir='ltr'><strong>dedi,</strong></span> <span class='ocrx_word' id='word_1_69' title='bbox 612 951 764 993; x_wconf 84' lang='lat' dir='ltr'><strong>uiduos</strong></span> <span class='ocrx_word' id='word_1_70' title='bbox 794 955 842 993; x_wconf 86' lang='lat' dir='ltr'><strong>ut</strong></span> <span class='ocrx_word' id='word_1_71' title='bbox 872 953 1167 994; x_wconf 74' lang='lat' dir='ltr'><strong>transmittare</strong></span> <span class='ocrx_word' id='word_1_72' title='bbox 1198 964 1279 1007; x_wconf 87' lang='lat' dir='ltr'><strong>per</strong></span> <span class='ocrx_word' id='word_1_73' title='bbox 1310 964 1440 995; x_wconf 80' lang='lat' dir='ltr'><strong>annos</strong></span> <span class='ocrx_word' id='word_1_74' title='bbox 1636 961 1711 999; x_wconf 66' lang='lat' dir='ltr'><strong>1oe</strong></span> 
     </span>
     <span class='ocr_line' id='line_1_12' title="bbox 282 1023 1509 1078; baseline 0.002 -13"><span class='ocrx_word' id='word_1_75' title='bbox 282 1036 359 1066; x_wconf 88' lang='lat' dir='ltr'><strong>ceu</strong></span> <span class='ocrx_word' id='word_1_76' title='bbox 390 1036 472 1065; x_wconf 91' lang='lat' dir='ltr'><strong>non</strong></span> <span class='ocrx_word' id='word_1_77' title='bbox 502 1036 606 1064; x_wconf 85' lang='lat' dir='ltr'><strong>cara</strong></span> <span class='ocrx_word' id='word_1_78' title='bbox 636 1023 758 1066; x_wconf 87' lang='lat' dir='ltr'><strong>mihi.</strong></span> <span class='ocrx_word' id='word_1_79' title='bbox 790 1023 892 1065; x_wconf 85' lang='lat' dir='ltr'><strong>satis</strong></span> <span class='ocrx_word' id='word_1_80' title='bbox 922 1036 948 1066; x_wconf 94' lang='lat' dir='ltr'><strong>o</strong></span> <span class='ocrx_word' id='word_1_81' title='bbox 979 1023 1246 1077; x_wconf 89' lang='lat' dir='ltr'><strong>nimiumque</strong></span> <span class='ocrx_word' id='word_1_82' title='bbox 1276 1023 1444 1078; x_wconf 82' lang='lat' dir='ltr'><strong>priores</strong></span> <span class='ocrx_word' id='word_1_83' title='bbox 1506 1024 1509 1029; x_wconf 84' lang='lat'>&#39;</span> 
     </span>
     <span class='ocr_line' id='line_1_13' title="bbox 283 1094 1509 1149; baseline 0.003 -15"><span class='ocrx_word' id='word_1_84' title='bbox 283 1094 526 1149; x_wconf 75' lang='lat' dir='ltr'><strong>despexisse</strong></span> <span class='ocrx_word' id='word_1_85' title='bbox 555 1106 720 1148; x_wconf 85' lang='lat' dir='ltr'><strong>procos.</strong></span> <span class='ocrx_word' id='word_1_86' title='bbox 754 1097 800 1135; x_wconf 85' lang='lat' dir='ltr'><strong>at</strong></span> <span class='ocrx_word' id='word_1_87' title='bbox 829 1094 943 1136; x_wconf 91' lang='lat' dir='ltr'><strong>enim</strong></span> <span class='ocrx_word' id='word_1_88' title='bbox 975 1094 1046 1136; x_wconf 90' lang='lat' dir='ltr'><strong>hic</strong></span> <span class='ocrx_word' id='word_1_89' title='bbox 1078 1094 1156 1136; x_wconf 87' lang='lat' dir='ltr'><strong>tibi</strong></span> <span class='ocrx_word' id='word_1_90' title='bbox 1184 1094 1390 1149; x_wconf 82' lang='lat' dir='ltr'><strong>sanguine</strong></span> <span class='ocrx_word' id='word_1_91' title='bbox 1420 1096 1509 1137; x_wconf 74' lang='lat' dir='ltr'><strong>toto</strong></span> 
     </span>
     <span class='ocr_line' id='line_1_14' title="bbox 282 1164 1379 1219; baseline -0.001 -11"><span class='ocrx_word' id='word_1_92' title='bbox 282 1164 450 1208; x_wconf 88' lang='lat' dir='ltr'><strong>deditus</strong></span> <span class='ocrx_word' id='word_1_93' title='bbox 481 1178 610 1207; x_wconf 85' lang='lat' dir='ltr'><strong>unam</strong></span> <span class='ocrx_word' id='word_1_94' title='bbox 642 1177 787 1207; x_wconf 83' lang='lat' dir='ltr'><strong>omnes</strong></span> <span class='ocrx_word' id='word_1_95' title='bbox 817 1165 929 1207; x_wconf 81' lang='lat' dir='ltr'><strong>inter</strong></span> <span class='ocrx_word' id='word_1_96' title='bbox 958 1166 1146 1207; x_wconf 85' lang='lat' dir='ltr'><strong>miratur</strong></span> <span class='ocrx_word' id='word_1_97' title='bbox 1177 1170 1379 1219; x_wconf 83' lang='lat' dir='ltr'><strong>amatque</strong></span> 
     </span>
     <span class='ocr_line' id='line_1_15' title="bbox 284 1235 1712 1291; baseline 0.004 -14"><span class='ocrx_word' id='word_1_98' title='bbox 284 1249 363 1278; x_wconf 86' lang='lat' dir='ltr'><strong>nec</strong></span> <span class='ocrx_word' id='word_1_99' title='bbox 394 1238 557 1278; x_wconf 81' lang='lat' dir='ltr'><strong>formae</strong></span> <span class='ocrx_word' id='word_1_100' title='bbox 589 1248 668 1278; x_wconf 86' lang='lat' dir='ltr'><strong>nec</strong></span> <span class='ocrx_word' id='word_1_101' title='bbox 698 1235 842 1291; x_wconf 77' lang='lat' dir='ltr'><strong>stirpis</strong></span> <span class='ocrx_word' id='word_1_102' title='bbox 871 1248 1014 1291; x_wconf 82' lang='lat' dir='ltr'><strong>egens.</strong></span> <span class='ocrx_word' id='word_1_103' title='bbox 1045 1250 1145 1278; x_wconf 78' lang='lat' dir='ltr'><strong>nam</strong></span> <span class='ocrx_word' id='word_1_104' title='bbox 1176 1236 1303 1279; x_wconf 84' lang='lat' dir='ltr'><strong>docta</strong></span> <span class='ocrx_word' id='word_1_105' title='bbox 1331 1248 1412 1291; x_wconf 88' lang='lat' dir='ltr'><strong>per</strong></span> <span class='ocrx_word' id='word_1_106' title='bbox 1438 1236 1592 1279; x_wconf 83' lang='lat' dir='ltr'><strong>urbem</strong></span> <span class='ocrx_word' id='word_1_107' title='bbox 1641 1246 1712 1283; x_wconf 77' lang='lat'><strong>172</strong></span> 
     </span>
     <span class='ocr_line' id='line_1_16' title="bbox 283 1306 1511 1362; baseline 0.002 -14"><span class='ocrx_word' id='word_1_108' title='bbox 283 1307 475 1349; x_wconf 80' lang='lat' dir='ltr'><strong>carmina</strong></span> <span class='ocrx_word' id='word_1_109' title='bbox 508 1307 580 1360; x_wconf 90' lang='lat' dir='ltr'><strong>qui</strong></span> <span class='ocrx_word' id='word_1_110' title='bbox 611 1307 802 1358; x_wconf 87' lang='lat' dir='ltr'><strong>iuuenes,</strong></span> <span class='ocrx_word' id='word_1_111' title='bbox 834 1319 946 1361; x_wconf 87' lang='lat' dir='ltr'><strong>quae</strong></span> <span class='ocrx_word' id='word_1_112' title='bbox 975 1320 1063 1349; x_wconf 88' lang='lat' dir='ltr'><strong>non</strong></span> <span class='ocrx_word' id='word_1_113' title='bbox 1092 1306 1282 1350; x_wconf 84' lang='lat' dir='ltr'><strong>didicere</strong></span> <span class='ocrx_word' id='word_1_114' title='bbox 1313 1306 1511 1362; x_wconf 82' lang='lat' dir='ltr'><strong>puellae?</strong></span> 
     </span>
     <span class='ocr_line' id='line_1_17' title="bbox 284 1377 1285 1433; baseline 0.002 -16"><span class='ocrx_word' id='word_1_115' title='bbox 284 1378 397 1418; x_wconf 89' lang='lat' dir='ltr'><strong>hunc</strong></span> <span class='ocrx_word' id='word_1_116' title='bbox 429 1381 473 1419; x_wconf 83' lang='lat' dir='ltr'><strong>et</strong></span> <span class='ocrx_word' id='word_1_117' title='bbox 503 1378 689 1419; x_wconf 86' lang='lat' dir='ltr'><strong>bissenos</strong></span> <span class='ocrx_word' id='word_1_118' title='bbox 718 1378 799 1429; x_wconf 85' lang='lat' dir='ltr'><strong>(sie</strong></span> <span class='ocrx_word' id='word_1_119' title='bbox 830 1377 1099 1432; x_wconf 84' lang='lat' dir='ltr'><strong>indulgentia</strong></span> <span class='ocrx_word' id='word_1_120' title='bbox 1128 1383 1285 1433; x_wconf 77' lang='lat' dir='ltr'><strong>pergat</strong></span> 
     </span>
     <span class='ocr_line' id='line_1_18' title="bbox 255 1448 1293 1506; baseline 0 -15"><span class='ocrx_word' id='word_1_121' title='bbox 255 1503 259 1506; x_wconf 85' lang='lat'>.</span> <span class='ocrx_word' id='word_1_122' title='bbox 283 1448 490 1503; x_wconf 83' lang='lat' dir='ltr'><strong>praesidis</strong></span> <span class='ocrx_word' id='word_1_123' title='bbox 522 1449 718 1501; x_wconf 83' lang='lat' dir='ltr'><strong>Ausonii)</strong></span> <span class='ocrx_word' id='word_1_124' title='bbox 749 1461 896 1491; x_wconf 85' lang='lat' dir='ltr'><strong>cernes</strong></span> <span class='ocrx_word' id='word_1_125' title='bbox 928 1449 1129 1491; x_wconf 83' lang='lat' dir='ltr'><strong>attollere</strong></span> <span class='ocrx_word' id='word_1_126' title='bbox 1163 1449 1293 1491; x_wconf 77' lang='lat' dir='ltr'><strong>fasces</strong></span> 
     </span>
     <span class='ocr_line' id='line_1_19' title="bbox 283 1518 1711 1572; baseline 0.001 -12"><span class='ocrx_word' id='word_1_127' title='bbox 283 1523 383 1561; x_wconf 77' lang='lat' dir='ltr'><strong>ante</strong></span> <span class='ocrx_word' id='word_1_128' title='bbox 415 1519 544 1572; x_wconf 79' lang='lat' dir='ltr'><strong>diem3</strong></span> <span class='ocrx_word' id='word_1_129' title='bbox 576 1523 692 1562; x_wconf 88' lang='lat' dir='ltr'><strong>certe</strong></span> <span class='ocrx_word' id='word_1_130' title='bbox 723 1519 810 1560; x_wconf 89' lang='lat' dir='ltr'><strong>iam</strong></span> <span class='ocrx_word' id='word_1_131' title='bbox 842 1532 951 1561; x_wconf 89' lang='lat' dir='ltr'><strong>nunc</strong></span> <span class='ocrx_word' id='word_1_132' title='bbox 985 1518 1192 1572; x_wconf 82' lang='lat' dir='ltr'><strong>Cybeleia</strong></span> <span class='ocrx_word' id='word_1_133' title='bbox 1223 1520 1360 1562; x_wconf 82' lang='lat' dir='ltr'><strong>mouit</strong></span> <span class='ocrx_word' id='word_1_134' title='bbox 1641 1526 1711 1567; x_wconf 65' lang='lat' dir='ltr'><strong>xvc</strong></span> 
     </span>
     <span class='ocr_line' id='line_1_20' title="bbox 284 1589 1438 1645; baseline 0.001 -14"><span class='ocrx_word' id='word_1_135' title='bbox 284 1590 434 1631; x_wconf 86' lang='lat' dir='ltr'><strong>limina</strong></span> <span class='ocrx_word' id='word_1_136' title='bbox 464 1594 508 1631; x_wconf 92' lang='lat' dir='ltr'><strong>et</strong></span> <span class='ocrx_word' id='word_1_137' title='bbox 538 1590 754 1632; x_wconf 83' lang='lat' dir='ltr'><strong>Euboicae</strong></span> <span class='ocrx_word' id='word_1_138' title='bbox 778 1603 958 1632; x_wconf 81' lang='lat' dir='ltr'><strong>carmen</strong></span> <span class='ocrx_word' id='word_1_139' title='bbox 991 1590 1097 1645; x_wconf 83' lang='lat' dir='ltr'><strong>legit</strong></span> <span class='ocrx_word' id='word_1_140' title='bbox 1126 1590 1203 1632; x_wconf 90' lang='lat' dir='ltr'><strong>ille</strong></span> <span class='ocrx_word' id='word_1_141' title='bbox 1234 1589 1438 1643; x_wconf 78' lang='lat' dir='ltr'><strong>Sibyllae.</strong></span> 
     </span>
     <span class='ocr_line' id='line_1_21' title="bbox 282 1660 1516 1715; baseline 0.002 -14"><span class='ocrx_word' id='word_1_142' title='bbox 282 1661 454 1713; x_wconf 79' lang='lat' dir='ltr'><strong>iamque</strong></span> <span class='ocrx_word' id='word_1_143' title='bbox 485 1673 643 1715; x_wconf 83' lang='lat' dir='ltr'><strong>parens</strong></span> <span class='ocrx_word' id='word_1_144' title='bbox 674 1660 834 1714; x_wconf 66' lang='lat' dir='ltr'><strong>Latius,</strong></span> <span class='ocrx_word' id='word_1_145' title='bbox 866 1661 985 1702; x_wconf 87' lang='lat' dir='ltr'><strong>cuius</strong></span> <span class='ocrx_word' id='word_1_146' title='bbox 1016 1672 1298 1715; x_wconf 79' lang='lat' dir='ltr'><strong>praenoscere</strong></span> <span class='ocrx_word' id='word_1_147' title='bbox 1330 1665 1516 1704; x_wconf 79' lang='lat' dir='ltr'><strong>mentem</strong></span> 
     </span>
     <span class='ocr_line' id='line_1_22' title="bbox 283 1731 1497 1785; baseline 0.002 -14"><span class='ocrx_word' id='word_1_148' title='bbox 283 1732 348 1772; x_wconf 80' lang='lat' dir='ltr'><strong>sas</strong></span> <span class='ocrx_word' id='word_1_149' title='bbox 380 1731 501 1783; x_wconf 63' lang='lat' dir='ltr'><strong>mihi,</strong></span> <span class='ocrx_word' id='word_1_150' title='bbox 533 1743 772 1785; x_wconf 84' lang='lat' dir='ltr'><strong>purpureos</strong></span> <span class='ocrx_word' id='word_1_151' title='bbox 803 1732 974 1773; x_wconf 84' lang='lat' dir='ltr'><strong>habitus</strong></span> <span class='ocrx_word' id='word_1_152' title='bbox 1004 1731 1235 1784; x_wconf 89' lang='lat' dir='ltr'><strong>iuuenique</strong></span> <span class='ocrx_word' id='word_1_153' title='bbox 1266 1731 1417 1774; x_wconf 86' lang='lat' dir='ltr'><strong>curule</strong></span> <span class='ocrx_word' id='word_1_154' title='bbox 1494 1764 1497 1766; x_wconf 86' lang='lat'>-</span> 
     </span>
     <span class='ocr_line' id='line_1_23' title="bbox 285 1801 1711 1857; baseline 0.001 -15"><span class='ocrx_word' id='word_1_155' title='bbox 285 1801 522 1855; x_wconf 84' lang='lat' dir='ltr'><strong>indulgebit</strong></span> <span class='ocrx_word' id='word_1_156' title='bbox 551 1802 659 1843; x_wconf 88' lang='lat' dir='ltr'><strong>ebur</strong></span> <span class='ocrx_word' id='word_1_157' title='bbox 690 1802 917 1855; x_wconf 89' lang='lat' dir='ltr'><strong>Dacasque</strong></span> <span class='ocrx_word' id='word_1_158' title='bbox 948 1805 1023 1854; x_wconf 80' lang='lat' dir='ltr'><strong>(ea</strong></span> <span class='ocrx_word' id='word_1_159' title='bbox 1054 1801 1194 1856; x_wconf 81' lang='lat' dir='ltr'><strong>gloria</strong></span> <span class='ocrx_word' id='word_1_160' title='bbox 1225 1803 1382 1857; x_wconf 86' lang='lat' dir='ltr'><strong>maior)</strong></span> <span class='ocrx_word' id='word_1_161' title='bbox 1643 1813 1711 1850; x_wconf 72' lang='lat'><strong>130</strong></span> 
     </span>
     <span class='ocr_line' id='line_1_24' title="bbox 282 1871 1357 1926; baseline 0.001 -12"><span class='ocrx_word' id='word_1_162' title='bbox 282 1874 459 1914; x_wconf 79' lang='lat' dir='ltr'><strong>exuuias</strong></span> <span class='ocrx_word' id='word_1_163' title='bbox 490 1872 720 1926; x_wconf 82' lang='lat' dir='ltr'><strong>laurosque</strong></span> <span class='ocrx_word' id='word_1_164' title='bbox 751 1871 870 1914; x_wconf 80' lang='lat' dir='ltr'><strong>dabit</strong></span> <span class='ocrx_word' id='word_1_165' title='bbox 900 1872 1121 1915; x_wconf 81' lang='lat' dir='ltr'><strong>celebrare</strong></span> <span class='ocrx_word' id='word_1_166' title='bbox 1153 1878 1357 1915; x_wconf 84' lang='lat' dir='ltr'><strong>recentes.</strong></span> 
     </span>
     <span class='ocr_line' id='line_1_25' title="bbox 283 1942 1493 1998; baseline 0.002 -13"><span class='ocrx_word' id='word_1_167' title='bbox 283 1956 386 1998; x_wconf 83' lang='lat' dir='ltr'><strong>ergo</strong></span> <span class='ocrx_word' id='word_1_168' title='bbox 418 1955 511 1998; x_wconf 72' lang='lat' dir='ltr'><strong>age,</strong></span> <span class='ocrx_word' id='word_1_169' title='bbox 544 1943 671 1998; x_wconf 80' lang='lat' dir='ltr'><strong>iunge</strong></span> <span class='ocrx_word' id='word_1_170' title='bbox 703 1947 815 1985; x_wconf 79' lang='lat' dir='ltr'><strong>toros</strong></span> <span class='ocrx_word' id='word_1_171' title='bbox 847 1950 974 1997; x_wconf 84' lang='lat' dir='ltr'><strong>utque</strong></span> <span class='ocrx_word' id='word_1_172' title='bbox 1006 1944 1094 1986; x_wconf 81' lang='lat' dir='ltr'><strong>otia</strong></span> <span class='ocrx_word' id='word_1_173' title='bbox 1124 1942 1248 1986; x_wconf 89' lang='lat' dir='ltr'><strong>deme</strong></span> <span class='ocrx_word' id='word_1_174' title='bbox 1279 1944 1493 1988; x_wconf 70' lang='lat' dir='ltr'><strong>iuuentaeL</strong></span> 
     </span>
     <span class='ocr_line' id='line_1_26' title="bbox 284 2014 1516 2071; baseline 0.002 -17"><span class='ocrx_word' id='word_1_175' title='bbox 284 2027 388 2067; x_wconf 86' lang='lat' dir='ltr'><strong>quas</strong></span> <span class='ocrx_word' id='word_1_176' title='bbox 419 2027 498 2069; x_wconf 79' lang='lat' dir='ltr'><strong>ego</strong></span> <span class='ocrx_word' id='word_1_177' title='bbox 529 2027 612 2056; x_wconf 89' lang='lat' dir='ltr'><strong>non</strong></span> <span class='ocrx_word' id='word_1_178' title='bbox 643 2018 806 2069; x_wconf 75' lang='lat' dir='ltr'><strong>gentes,</strong></span> <span class='ocrx_word' id='word_1_179' title='bbox 839 2027 948 2068; x_wconf 85' lang='lat' dir='ltr'><strong>quae</strong></span> <span class='ocrx_word' id='word_1_180' title='bbox 980 2028 1062 2057; x_wconf 90' lang='lat' dir='ltr'><strong>non</strong></span> <span class='ocrx_word' id='word_1_181' title='bbox 1093 2015 1187 2058; x_wconf 78' lang='lat' dir='ltr'><strong>fuce</strong></span> <span class='ocrx_word' id='word_1_182' title='bbox 1218 2014 1350 2058; x_wconf 87' lang='lat' dir='ltr'><strong>corda</strong></span> <span class='ocrx_word' id='word_1_183' title='bbox 1378 2014 1516 2071; x_wconf 79' lang='lat' dir='ltr'><strong>iugali</strong></span> 
     </span>
     <span class='ocr_line' id='line_1_27' title="bbox 283 2085 1710 2141; baseline 0.002 -14"><span class='ocrx_word' id='word_1_184' title='bbox 283 2087 516 2138; x_wconf 76' lang='lat' dir='ltr'><strong>&lt;quassata</strong></span> <span class='ocrx_word' id='word_1_185' title='bbox 546 2085 703 2140; x_wconf 75' lang='lat' dir='ltr'><strong>domui,</strong></span> <span class='ocrx_word' id='word_1_186' title='bbox 734 2099 843 2140; x_wconf 79' lang='lat' dir='ltr'><strong>quae</strong></span> <span class='ocrx_word' id='word_1_187' title='bbox 875 2099 958 2128; x_wconf 79' lang='lat' dir='ltr'><strong>mm</strong></span> <span class='ocrx_word' id='word_1_188' title='bbox 987 2085 1175 2130; x_wconf 78' lang='lat' dir='ltr'><strong>accincta</strong></span> <span class='ocrx_word' id='word_1_189' title='bbox 1207 2085 1394 2141; x_wconf 67' lang='lat' dir='ltr'><strong>liquuit»</strong></span> <span class='ocrx_word' id='word_1_190' title='bbox 1625 2097 1710 2135; x_wconf 77' lang='lat'><strong>188·</strong></span> 
     </span>
    </p>
   </div>
   <div class='ocr_carea' id='block_1_3' title="bbox 292 2180 562 2186">
    <p class='ocr_par' dir='ltr' id='par_1_4' title="bbox 292 2180 562 2186">
     <span class='ocr_line' id='line_1_28' title="bbox 292 2180 562 2186; baseline 0 0"><span class='ocrx_word' id='word_1_191' title='bbox 292 2180 562 2186; x_wconf 95' lang='lat' dir='ltr'><strong> </strong></span> 
     </span>
    </p>
   </div>
   <div class='ocr_carea' id='block_1_4' title="bbox 282 2214 1711 2499">
    <p class='ocr_par' dir='ltr' id='par_1_5' title="bbox 282 2214 1711 2499">
     <span class='ocr_line' id='line_1_29' title="bbox 380 2214 1711 2260; baseline 0.004 -13"><span class='ocrx_word' id='word_1_192' title='bbox 380 2215 446 2248; x_wconf 70' lang='lat'><strong>1⁶0</strong></span> <span class='ocrx_word' id='word_1_193' title='bbox 471 2214 650 2249; x_wconf 75' lang='lat' dir='ltr'><strong>idaliasue</strong></span> <span class='ocrx_word' id='word_1_194' title='bbox 677 2215 710 2248; x_wconf 90' lang='lat' dir='ltr'><strong>d.</strong></span> <span class='ocrx_word' id='word_1_195' title='bbox 738 2214 937 2260; x_wconf 78' lang='lat' dir='ltr'><strong>Erycinaue</strong></span> <span class='ocrx_word' id='word_1_196' title='bbox 964 2214 1104 2253; x_wconf 72' lang='grc' dir='ltr'><strong>Μαι-Η.</strong></span> <span class='ocrx_word' id='word_1_197' title='bbox 1204 2216 1267 2250; x_wconf 81' lang='grc'><strong>161</strong></span> <span class='ocrx_word' id='word_1_198' title='bbox 1296 2215 1465 2251; x_wconf 78' lang='lat' dir='ltr'><strong>reclinem</strong></span> <span class='ocrx_word' id='word_1_199' title='bbox 1491 2214 1547 2259; x_wconf 67' lang='lat' dir='ltr'><strong>n,</strong></span> <span class='ocrx_word' id='word_1_200' title='bbox 1571 2225 1666 2252; x_wconf 73' lang='lat' dir='ltr'><strong>coer.</strong></span> <span class='ocrx_word' id='word_1_201' title='bbox 1685 2226 1711 2259; x_wconf 79' lang='grc' dir='ltr'><strong>ς</strong></span> 
     </span>
     <span class='ocr_line' id='line_1_30' title="bbox 381 2273 1710 2322; baseline 0.004 -16"><span class='ocrx_word' id='word_1_202' title='bbox 381 2273 445 2306; x_wconf 76' lang='grc'><strong>169</strong></span> <span class='ocrx_word' id='word_1_203' title='bbox 472 2274 573 2308; x_wconf 77' lang='lat' dir='ltr'><strong>clara</strong></span> <span class='ocrx_word' id='word_1_204' title='bbox 598 2273 679 2316; x_wconf 73' lang='lat' dir='ltr'><strong>Ma,</strong></span> <span class='ocrx_word' id='word_1_205' title='bbox 707 2283 799 2309; x_wconf 78' lang='lat' dir='ltr'><strong>corr,</strong></span> <span class='ocrx_word' id='word_1_206' title='bbox 814 2284 838 2315; x_wconf 72' lang='grc' dir='ltr'>ς</span> <span class='ocrx_word' id='word_1_207' title='bbox 862 2274 966 2319; x_wconf 83' lang='lat' dir='ltr'><strong>(cara</strong></span> <span class='ocrx_word' id='word_1_208' title='bbox 991 2275 1026 2310; x_wconf 73' lang='lat' dir='ltr'><em>A</em></span> <span class='ocrx_word' id='word_1_209' title='bbox 1055 2273 1313 2311; x_wconf 57' lang='lat' dir='ltr'><strong>&#39;incertalesims</strong></span> <span class='ocrx_word' id='word_1_210' title='bbox 1339 2278 1430 2311; x_wconf 67' lang='lat' dir='ltr'><strong>teste</strong></span> <span class='ocrx_word' id='word_1_211' title='bbox 1452 2274 1710 2322; x_wconf 60' lang='lat' dir='ltr'><strong>Eamus)</strong></span> 
     </span>
     <span class='ocr_line' id='line_1_31' title="bbox 383 2331 1705 2377; baseline 0.003 -12"><span class='ocrx_word' id='word_1_212' title='bbox 383 2332 446 2365; x_wconf 73' lang='lat'><strong>176</strong></span> <span class='ocrx_word' id='word_1_213' title='bbox 478 2333 589 2366; x_wconf 83' lang='lat' dir='ltr'><strong>mouit</strong></span> <span class='ocrx_word' id='word_1_214' title='bbox 628 2331 684 2376; x_wconf 77' lang='lat' dir='ltr'><strong>M,</strong></span> <span class='ocrx_word' id='word_1_215' title='bbox 722 2333 823 2367; x_wconf 85' lang='lat' dir='ltr'><strong>nouit</strong></span> <span class='ocrx_word' id='word_1_216' title='bbox 862 2343 885 2374; x_wconf 75' lang='lat' dir='ltr'><strong>e:</strong></span> <span class='ocrx_word' id='word_1_217' title='bbox 985 2334 1052 2367; x_wconf 80' lang='lat'><strong>180</strong></span> <span class='ocrx_word' id='word_1_218' title='bbox 1086 2343 1130 2368; x_wconf 76' lang='lat' dir='ltr'><strong>ea</strong></span> <span class='ocrx_word' id='word_1_219' title='bbox 1166 2332 1367 2376; x_wconf 69' lang='lat' dir='ltr'><strong>Baehrens,</strong></span> <span class='ocrx_word' id='word_1_220' title='bbox 1403 2336 1442 2368; x_wconf 82' lang='lat' dir='ltr'><strong>et</strong></span> <span class='ocrx_word' id='word_1_221' title='bbox 1477 2331 1537 2377; x_wconf 72' lang='grc' dir='ltr'><strong>Μ,</strong></span> <span class='ocrx_word' id='word_1_222' title='bbox 1572 2342 1643 2370; x_wconf 70' lang='lat' dir='ltr'><strong>ono.</strong></span> <span class='ocrx_word' id='word_1_223' title='bbox 1667 2333 1705 2370; x_wconf 74' lang='lat' dir='ltr'><strong><em>A</em></strong></span> 
     </span>
     <span class='ocr_line' id='line_1_32' title="bbox 382 2390 1566 2429; baseline 0.004 -5"><span class='ocrx_word' id='word_1_224' title='bbox 382 2392 441 2425; x_wconf 64' lang='lat'><strong>181</strong></span> <span class='ocrx_word' id='word_1_225' title='bbox 475 2396 637 2426; x_wconf 67' lang='lat' dir='ltr'><strong>rect-ntes</strong></span> <span class='ocrx_word' id='word_1_226' title='bbox 677 2390 771 2428; x_wconf 76' lang='lat' dir='ltr'><strong>MA.</strong></span> <span class='ocrx_word' id='word_1_227' title='bbox 811 2392 968 2427; x_wconf 74' lang='lat' dir='ltr'><strong>recentis</strong></span> <span class='ocrx_word' id='word_1_228' title='bbox 1005 2403 1029 2427; x_wconf 85' lang='lat' dir='ltr'><strong>a</strong></span> <span class='ocrx_word' id='word_1_229' title='bbox 1178 2392 1243 2428; x_wconf 82' lang='lat'><strong>183</strong></span> <span class='ocrx_word' id='word_1_230' title='bbox 1269 2396 1407 2428; x_wconf 61' lang='lat' dir='ltr'><strong>mentes</strong></span> <span class='ocrx_word' id='word_1_231' title='bbox 1429 2391 1566 2429; x_wconf 66' lang='lat' dir='ltr'><strong>Heius.</strong></span> 
     </span>
     <span class='ocr_line' id='line_1_33' title="bbox 282 2449 1708 2499; baseline 0.004 -16"><span class='ocrx_word' id='word_1_232' title='bbox 282 2449 400 2490; x_wconf 62' lang='lat' dir='ltr'><strong>iugaui</strong></span> <span class='ocrx_word' id='word_1_233' title='bbox 425 2449 529 2485; x_wconf 86' lang='lat' dir='ltr'><strong>Dom.</strong></span> <span class='ocrx_word' id='word_1_234' title='bbox 657 2451 740 2485; x_wconf 69' lang='lat'><strong>183⁸</strong></span> <span class='ocrx_word' id='word_1_235' title='bbox 769 2451 940 2486; x_wconf 72' lang='lat' dir='ltr'><strong>lammam</strong></span> <span class='ocrx_word' id='word_1_236' title='bbox 954 2462 982 2486; x_wconf 79' lang='lat' dir='ltr'><strong>c.</strong></span> <span class='ocrx_word' id='word_1_237' title='bbox 995 2462 1031 2496; x_wconf 75' lang='lat'><strong>9-</strong></span> <span class='ocrx_word' id='word_1_238' title='bbox 1045 2450 1227 2496; x_wconf 56' lang='lat' dir='ltr'><strong>supplem}</strong></span> <span class='ocrx_word' id='word_1_239' title='bbox 1243 2452 1323 2487; x_wconf 78' lang='lat' dir='ltr'><strong>coll.</strong></span> <span class='ocrx_word' id='word_1_240' title='bbox 1347 2450 1455 2487; x_wconf 66' lang='lat' dir='ltr'><strong>Tloeb.</strong></span> <span class='ocrx_word' id='word_1_241' title='bbox 1473 2450 1541 2487; x_wconf 81' lang='lat' dir='ltr'><strong>IV</strong></span> <span class='ocrx_word' id='word_1_242' title='bbox 1555 2454 1623 2488; x_wconf 79' lang='lat'><strong>691</strong></span> <span class='ocrx_word' id='word_1_243' title='bbox 1641 2462 1708 2499; x_wconf 64' lang='lat' dir='ltr'><strong>oq..</strong></span> 
     </span>
    </p>
   </div>
   <div class='ocr_carea' id='block_1_5' title="bbox 1742 0 1872 212">
    <p class='ocr_par' dir='ltr' id='par_1_6' title="bbox 1742 0 1872 212">
     <span class='ocr_line' id='line_1_34' title="bbox 1742 0 1872 212; baseline 0 2718"><span class='ocrx_word' id='word_1_244' title='bbox 1742 0 1872 212; x_wconf 95' lang='lat' dir='ltr'><strong> </strong></span> 
     </span>
    </p>
   </div>
   <div class='ocr_carea' id='block_1_6' title="bbox 1825 2665 1872 2930">
    <p class='ocr_par' dir='ltr' id='par_1_7' title="bbox 1825 2665 1872 2930">
     <span class='ocr_line' id='line_1_35' title="bbox 1865 2665 1872 2695; baseline 0 -5"><span class='ocrx_word' id='word_1_245' title='bbox 1865 2665 1872 2695; x_wconf 71' lang='grc' dir='ltr'><strong><em>ἐ</em></strong></span> 
     </span>
     <span class='ocr_line' id='line_1_36' title="bbox 1867 2712 1872 2727; baseline 0 0"><span class='ocrx_word' id='word_1_246' title='bbox 1867 2712 1872 2727; x_wconf 74' lang='lat' dir='ltr'><strong>l</strong></span> 
     </span>
     <span class='ocr_line' id='line_1_37' title="bbox 1825 2903 1872 2930; baseline 0.043 -2"><span class='ocrx_word' id='word_1_247' title='bbox 1825 2903 1872 2930; x_wconf 62' lang='grc' dir='ltr'><strong>..Ε</strong></span> 
     </span>
    </p>
   </div>
  </div>
 </body>
</html>
