1872 2930
577 253 893 314 ‘SILVARVM
922 254 1032 298 LIB.
1065 256 1088 298 I
1122 262 1145 300 5
1526 264 1580 304 41

155 394 224 439 nil
251 394 314 439 ibi
343 395 576 452 plebeium;
607 408 819 450 nusquam
851 397 1081 439 Temesaea
1112 399 1279 441 notabis

157 478 276 520 aera,
307 466 383 510 sed
413 470 593 522 argento
624 467 731 509 felix
760 467 1020 522 propellitur
1052 468 1169 510 unda
1536 482 1583 516 48

154 541 420 594 argentoque
451 538 572 591 cadit,
593 538 815 593 labrisque
842 539 1074 582 nitentibus
1103 540 1235 582 instat

153 608 333 652 delicias
360 610 520 652 mirata
549 622 646 660 suas
676 613 719 654 et
750 610 870 653 abire
900 613 1084 654 recusat.

152 683 284 724 extra
313 683 459 723 autem
489 681 616 723 niueo
648 677 722 736 quii
751 682 947 737 margine
979 682 1178 724 caerulus
1210 683 1347 724 amnis

152 749 264 795 uiuit
291 754 336 795 et
362 751 411 793 in
440 751 620 794 fundum
650 766 815 795 summo
846 755 965 807 patet
994 753 1131 795 omnis
1162 755 1216 796 ab
1245 753 1433 808 imb<ri>
1532 766 1580 801 52
1651 771 1655 774 ·

150 822 223 882 ρυί
251 835 341 866 non
370 823 435 865 ire
465 823 568 864 lacu
598 823 827 878 pigrosque
859 822 1082 865 exsoluere
1116 825 1294 867 amictus

118 907 122 910 ’
149 883 353 937 suadeat?
380 894 463 936 hoc
493 894 645 937 mallet
673 895 791 937 nasei
821 893 1042 949 Cytherea
1068 895 1293 950 profundo,

152 965 226 1008 hie
257 968 300 1008 te
329 965 604 1021 perspicuum
633 966 800 1021 melius,
832 962 1050 1019 Narcisse,
1083 965 1267 1020 uideres,

150 1036 222 1078 hie
252 1035 383 1078 uelox
413 1035 574 1078 Hecate
604 1037 711 1079 uelit
741 1040 785 1079 et
813 1036 1025 1093 deprensa
1053 1036 1210 1080 lauari.
1532 1051 1580 1085 56

151 1106 256 1165 quid
285 1117 396 1150 nuno
425 1110 562 1149 strata
591 1108 679 1151 solo
709 1107 897 1150 referam
929 1107 1122 1150 tabulata
1151 1110 1365 1163 crepantis

150 1177 354 1221 auditura
382 1179 507 1234 pilas,
539 1179 612 1221 ubi
642 1178 870 1237 languidus
900 1179 1011 1234 ignis
1040 1180 1205 1221 inerrat

149 1249 327 1294 aedibus
357 1254 400 1293 et
430 1253 603 1292 tenuem
633 1250 814 1293 uoluunt
843 1249 1108 1306 hypocausta
1138 1251 1369 1306 uaporem?

148 1333 228 1364 nee
256 1323 294 1363 si
323 1321 497 1365 Baianis
526 1322 672 1365 ueniat
701 1335 836 1364 nouus
866 1324 1021 1377 hospes
1051 1323 1106 1363 ab
1136 1323 1239 1378 oris,
1533 1336 1582 1370 60

149 1392 256 1438 talia
284 1392 493 1448 despiciat
522 1393 606 1448 (fas
636 1394 691 1435 sit
722 1392 979 1448 componere
1010 1394 1177 1448 magnis

147 1460 323 1520 parua),
353 1464 559 1509 Neronea
588 1478 666 1507 nee
698 1466 771 1518 qui
801 1465 926 1507 modo
956 1465 1068 1506 lotus
1098 1465 1144 1505 in
1176 1465 1307 1518 unda,

150 1534 224 1577 hic
252 1535 411 1578 iterum
441 1535 595 1578 sudare
626 1539 767 1592 neget.
801 1540 955 1589 macte,
990 1549 1083 1589 oro,
1118 1538 1272 1579 nitenti

147 1607 319 1663 ingenio
350 1619 539 1661 curaque
569 1605 694 1662 puer!
729 1610 870 1649 tecum
901 1607 982 1649 ista
1012 1612 1230 1649 senescant
1531 1621 1574 1655 64

148 1681 192 1720 et
221 1681 298 1720 tua
324 1679 413 1720 iam
444 1678 596 1720 melius
630 1678 766 1720 discat
795 1678 966 1721 forttma
995 1679 1177 1720 renasci.

146 1902 397 1947 calefaciendi
421 1903 464 1938 ui
488 1906 600 1946 caret,
625 1912 742 1947 neque
767 1901 915 1939 ‘uritur’
938 1902 1035 1938 illud
1059 1903 1139 1938 loco
1167 1902 1272 1939 Theb.
1298 1903 1367 1939 IV
1396 1905 1467 1939 665
1490 1903 1576 1939 uin—

139 1961 304 2003 dicatur,
330 1973 412 1998 cum
435 1973 513 1998 non
538 1961 683 2005 ‘solem'‚
707 1962 772 1998 sed
795 1961 936 1998 ‘molem
953 1962 1074 1998 radiis
1098 1962 1284 2008 ignescere
1304 1962 1408 2005 ferri'
1427 1962 1573 1999 Statius

146 2022 249 2059 dieat
272 2023 541 2068 exercitumque
565 2022 777 2068 intelleyat)
898 2023 943 2058 47
969 2023 1178 2057 tenuinessa
1203 2023 1260 2066 M,
1286 2034 1381 2058 corr.
1408 2034 1443 2065 ς,
1468 2023 1571 2058 Sinu-

144 2091 233 2118 essa·
248 2081 351 2117 Ellis
494 2081 540 2116 50
565 2081 710 2117 imitata
743 2080 871 2116 Parm.
1016 2082 1061 2116 52
1096 2081 1200 2115 imbri
1232 2081 1377 2126 scripsi,
1412 2082 1481 2117 imo
1515 2083 1574 2125 M,

144 2142 184 2177 in
208 2151 382 2177 summum
406 2139 519 2176 fundo
543 2144 647 2186 patet
671 2142 784 2177 omnis
809 2142 854 2177 ab
880 2141 950 2176 imo
976 2152 1011 2183 ς,
1047 2141 1092 2176 ab
1131 2151 1266 2176 summo
1304 2141 1455 2176 fundum
1479 2152 1519 2188 p..
1541 2153 1573 2178 0.

142 2201 182 2237 in
206 2201 316 2236 imum
340 2200 544 2243 Baehrens,
568 2201 607 2236 in
632 2199 782 2236 fundum
808 2210 942 2235 summa
976 2211 1010 2245 p.
1046 2211 1077 2235 0.
1103 2201 1148 2235 ab
1183 2201 1281 2236 unda
1306 2200 1456 2243 Krolm,
1483 2202 1519 2235 in
1545 2201 1571 2236 f.

142 2260 225 2296 uisu
248 2270 284 2305 p.
309 2269 342 2296 0.
367 2259 413 2295 ab
438 2271 510 2296 uno
534 2259 754 2296 Phillimore
876 2262 922 2295 56
947 2261 1118 2297 tubulata
1148 2261 1208 2296 W.
1234 2261 1286 2297 A.
1312 2260 1452 2296 Becker

103 2358 106 2359 ⁷
144 2320 187 2357 61
217 2320 384 2365 dispiciat
408 2319 466 2366 M,
491 2331 585 2356 corr.
606 2332 630 2362 ς
726 2320 772 2356 63
791 2330 852 2355 ore
871 2319 1063 2356 Baehrens
1159 2322 1203 2355 64
1226 2320 1359 2364 ingenii
1378 2318 1572 2354 Baehrens

261 2380 404 2425 ingenio
429 2381 603 2426 cultuque
627 2379 767 2415 Maru.
889 2381 935 2415 65
961 2381 1087 2415 melior
1113 2380 1321 2422 Aua-ntitas,
1347 2381 1418 2414 iam
1444 2380 1479 2413 in
1499 2389 1569 2413 me·

142 2439 214 2474 lius
237 2438 391 2483 Maru„
415 2449 502 2475 mox
534 2438 613 2486 ipse
647 2439 773 2475 reiecit
806 2438 876 2483 (cf.
910 2443 1033 2475 tamen
1057 2439 1124 2474 IV
1145 2443 1179 2482 4,
1204 2442 1262 2475 82.
1291 2438 1397 2475 Theb.
1423 2438 1491 2474 IV
1511 2440 1571 2473 43.

148 2496 257 2544 Ver-9.
282 2497 335 2534 Α.
358 2497 388 2534 1
409 2501 490 2534 623.
516 2498 558 2534 X
583 2501 629 2535 19
649 2499 720 2544 az.)

1406 2596 1425 2627 4
