1872 2930
332 255 416 296 198
795 255 844 298 P.
878 255 1086 299 PAPINI
1114 256 1288 301 STATI

325 395 635 452 inlustremque
666 398 855 441 enimam
886 398 1087 443 Lethaeis
1115 401 1304 457 spargite
1333 402 1458 444 sertis

325 469 369 508 et
399 471 633 510 monstrate
664 481 830 523 nemus,
861 482 945 524 quo
973 470 1096 513 nulla
1124 469 1287 527 inrupit
1317 472 1489 529 Erinys,

323 538 370 579 in
401 551 486 593 quo
516 539 626 582 salsa
654 539 746 582 dies
775 541 981 596 caeloque
1012 541 1258 585 simillimus
1288 556 1379 587 aer.

321 609 423 652 inde
455 614 601 653 tamen
632 612 792 664 uenias,
824 613 980 655 melior
1009 626 1098 669 qua
1126 616 1254 669 porta
1282 614 1521 670 malignum
1627 654 1631 656 .
1683 625 1755 662 288

322 671 482 724 cornea
512 683 643 726 uincit
674 683 795 739 ebur,
826 685 1048 739 somnique
1078 685 1124 727 in
1151 685 1340 741 imagine
1370 689 1578 741 monstra,

321 765 433 806 quae
464 753 626 796 solitus.
657 754 717 796 sic
748 767 873 796 sacra
902 754 1074 798 Numae
1104 756 1296 811 ritusque
1325 756 1522 799 colendos

321 823 435 865 mitis
465 824 643 867 Aricino
672 825 861 868 dictabat
890 827 1087 882 nympha
1114 827 1194 870 sub
1224 830 1361 883 antro,

320 894 462 950 Scipio
492 896 553 938 sie
584 896 732 951 plenos
762 897 887 939 Latio
916 898 1020 941 Ioue
1049 897 1208 941 ducere
1238 911 1405 941 somnos
1679 908 1751 946 298

318 966 507 1009 creditur
538 960 751 1023 Ausoniis,
781 981 859 1010 nee
890 981 973 1011 non
1003 968 1078 1011 sub
1109 969 1310 1024 Apolline
1340 969 1476 1024 Sylla.

997 1100 1074 1142 IV.

931 1204 1067 1240 SOMN
1069 1204 1141 1241 VS.

405 1287 596 1332 Crimine
629 1302 712 1344 quo
749 1292 904 1346 merui,
933 1292 1101 1335 iuuenis
1129 1291 1414 1348 placidissime
1443 1290 1604 1348 diuum,

315 1371 452 1413 quoue
484 1373 632 1402 errore
664 1361 807 1414 miser,
839 1361 960 1404 donis
990 1366 1036 1404 ut
1064 1361 1179 1405 solus
1209 1375 1398 1419 egerem,

313 1431 483 1484 Somne,
516 1432 621 1474 tuis?
651 1436 763 1475 tacet
793 1445 916 1475 omne
947 1446 1077 1488 pecus
1107 1433 1387 1488 uolucresque
1418 1434 1642 1488 feraeque·

312 1506 355 1544 et
384 1503 588 1545 simulant
619 1506 746 1546 fessos
777 1507 958 1547 curuata
987 1505 1214 1547 eacumina
1242 1518 1426 1559 somnos,
1721 1519 1744 1553 4

311 1587 390 1616 nec
422 1575 613 1618 trucibus
644 1575 783 1617 fluuiis
814 1575 929 1618 idem
959 1589 1102 1631 sonus;
1134 1577 1286 1620 occidit
1315 1577 1471 1619 horror

311 1646 523 1702 aequoris,
554 1649 598 1688 et
628 1647 754 1688 terris
785 1647 925 1689 maria
955 1647 1172 1690 adclinata
1202 1648 1437 1702 quieseunt.

308 1717 491 1772 septima
520 1718 607 1759 iam
637 1718 808 1760 rediens
839 1718 1012 1761 Phoebe
1043 1719 1151 1761 mihi
1182 1719 1357 1775 respicit
1387 1731 1540 1774 aegras

308 1790 423 1831 stare
454 1801 600 1844 genas3
627 1789 803 1831 totidem
834 1788 1022 1833 Oetaeae
1054 1789 1333 1845 Paphiaeque
1363 1802 1559 1832 reuersae
1719 1801 1743 1838 8

307 1857 529 1914 lampades
559 1863 602 1901 et
633 1860 787 1902 totiens
817 1863 983 1902 nostros
1013 1859 1216 1903 Tithonia
1247 1863 1416 1915 questus

306 1930 541 1984 praeteriit.
575 1931 717 1985 gelido
746 1944 900 1987 sparge
930 1931 974 1975 a!
1009 1933 1213 1975 miserata
1243 1932 1428 1988 flagello:

402 2047 471 2083 286
496 2048 664 2094 irrumpit
689 2058 713 2090 ς
822 2049 891 2085 288
916 2053 1022 2096 parte
1047 2049 1104 2093 M,
1128 2060 1224 2086 corr.
1247 2049 1359 2086 Dom.
1466 2050 1536 2087 289
1561 2055 1740 2103 monstrnt

305 2105 362 2151 M,
388 2118 481 2143 corr.
503 2107 612 2144 Dom.
734 2108 804 2144 290
818 2129 863 2135 -
877 2109 947 2145 293
971 2111 1021 2154 cf.
1047 2109 1125 2145 Iul.
1158 2108 1291 2145 Paria.
1318 2109 1463 2156 [ναῖον.
1488 2109 1596 2157 Πιξω-
1620 2111 1738 2158 epito-

304 2165 407 2212 mat]
432 2165 460 2201 Ι
480 2169 516 2209 2,
541 2170 561 2202 1
579 2186 622 2193 —
637 2169 662 2202 3
780 2167 850 2203 293
875 2170 1036 2204 creditus
1077 2168 1205 2204 Heme.
1327 2180 1394 2207 nec
1419 2168 1478 2213 M,
1502 2173 1543 2207 et
1565 2180 1591 2212 e
1613 2167 1737 2215 Dea,

304 2224 356 2259 sie
381 2223 553 2260 Sudhaus
673 2226 738 2261 sub
775 2226 910 2272 σαφεῖ
943 2226 1078 2274 (Vero.
1116 2227 1167 2262 A.
1205 2226 1271 2263 IX
1306 2230 1390 2264 247.
1432 2225 1542 2265 01άᾶ-
1566 2231 1640 2268 art.
1662 2224 1737 2274 ΖΠ

305 2285 375 2318 119
399 2284 481 2328 aL),
506 2285 582 2320 sine
608 2283 659 2320 M

399 2353 460 2389 1v.
486 2365 616 2391 soifflvs
652 2355 709 2401 M,
736 2357 793 2392 Ad
820 2357 989 2393 Somnum
1014 2368 1050 2402 a,
1082 2358 1234 2394 Somnus
1260 2358 1298 2394 A
1444 2358 1467 2394 5
1492 2350 1667 2396 truoihin‘
1686 2357 1738 2396 H

397 2413 420 2448 8
446 2424 613 2450 reuersae
637 2415 783 2461 scripsi,
810 2417 971 2453 reuisent
1000 2417 1059 2462 M,
1084 2421 1253 2454 recusent
1276 2428 1313 2462 a,
1338 2418 1505 2454 renisum
1529 2416 1653 2463 Dona,
1677 2429 1733 2456 re·

302 2477 452 2508 cursant
476 2473 617 2510 Mar-kl.
642 2475 744 2518 (coll.
775 2474 881 2521 Ver-9.
907 2475 959 2512 A.
983 2476 1013 2513 Ι
1033 2478 1134 2522 662),
1160 2478 1328 2513 renident
1345 2476 1547 2523 Baehrens,
1565 2478 1735 2516 relucent

301 2530 451 2579 Krolm,
478 2534 633 2569 uicissim
661 2545 730 2570 nos
753 2533 843 2570 olim
967 2537 1011 2572 10
1035 2538 1226 2581 praeteriit
1248 2536 1394 2583 scripsi,
1419 2539 1598 2584 praeterit
1621 2541 1662 2575 et
1684 2536 1730 2575 Μ

1863 2424 1872 2456 ἰ
