1872 2930
571 261 876 305 SILVARVM
906 261 1016 304 LlB.
1048 262 1093 305 ΙΙ
1125 265 1150 304 3
1514 265 1570 306 69

142 407 361 451 decrescet
388 405 498 447 mihi
527 405 656 447 turba
685 402 840 446 chors?
871 403 930 444 sie
962 404 988 455 †
1005 401 1159 445 deinde
1192 403 1336 445 locuta

141 477 360 534 depromit
386 477 598 532 pharetra
627 475 763 518 telum
792 475 939 525 breue,
970 473 1083 527 quod
1113 485 1251 527 neque
1283 472 1406 514 flexis

144 550 343 593 cornibus
372 551 448 590 aut
476 547 603 590 solito
630 549 804 600 torquet
832 545 1029 596 stridore,
1061 544 1136 587 sed
1168 556 1254 587 una
1522 554 1567 588 28

144 619 289 663 em‘nit
316 621 515 662 contenta-
542 629 674 660 manu
704 617 963 670 laeuamque
993 616 1135 670 sopori

145 690 303 737 Naidos
333 702 489 734 auersa
518 687 659 732 fertur
689 688 879 743 tetigisse
909 688 1082 742 sagitta.

143 761 227 806 illa
256 761 372 805 diem
401 760 571 816 pariter
599 772 781 814 surgens
811 760 1061 812 hostemque
1092 762 1344 813 proteruum

143 832 255 876 uidit
282 835 327 876 et
354 832 402 874 in
433 833 608 883 fontem,
638 833 786 873 niueos
816 844 870 873 ne
901 830 1110 885 panderet
1141 834 1275 878 artuS‚
1523 841 1569 876 32

143 905 256 947 sieut
282 905 389 956 erat,
417 917 516 945 cum
547 906 664 945 ueste
696 903 798 954 ruit,
829 902 1073 956 stagnisque
1103 901 1181 943 sub
1213 900 1311 941 altis

142 975 269 1019 Pana
296 975 417 1028 sequi
447 974 625 1016 credens
653 974 745 1015 ima
773 973 887 1016 latus
917 972 1113 1027 implicat
1144 972 1259 1025 alga.

145 1045 249 1100 quid
279 1046 444 1088 faceret
472 1046 611 1088 subito
641 1045 844 1100 deceptus
873 1043 1059 1099 praedo?
1091 1055 1168 1084 nec
1202 1042 1300 1085 altis

144 1117 322 1160 eredere
353 1130 508 1172 eorpus
539 1117 662 1170 aquis
692 1117 836 1158 hirtae
866 1116 949 1158 sibi
978 1115 1165 1157 conscius
1197 1113 1325 1156 audet
1522 1123 1568 1159 36

86 1224 89 1226 .
144 1187 274 1244 pellis
302 1191 347 1230 et
377 1200 404 1231 a.
434 1191 580 1230 tenero
612 1187 746 1229 nandi
774 1186 909 1229 rudis.
935 1186 1080 1228 omnia
1099 1189 1283 1239 questus,

143 1260 357 1303 immitem
387 1258 593 1312 Pholoen,
627 1263 782 1314 stagna
811 1258 960 1300 inuida
990 1261 1034 1300 et
1065 1256 1213 1300 inuida
1244 1257 1346 1308 tela.

142 1331 415 1388 primaeuam
448 1332 542 1373 uisu
573 1332 811 1386 platanum,
842 1330 912 1371 eui
941 1329 1070 1384 longa
1100 1342 1293 1383 propago

142 1403 481 1457 innumeraeque
510 1415 662 1445 manus
693 1405 737 1444 et
766 1403 905 1444 iturus
934 1401 980 1442 in
1012 1401 1191 1443 aethera
1222 1407 1388 1451 uertex,
1525 1412 1569 1445 40

140 1473 336 1529 deposuit
365 1475 489 1516 iuxta
520 1475 749 1527 uiuamque
781 1472 965 1527 adgessit
997 1473 1210 1514 harenam
1247 1518 1253 1522 ,

141 1545 384 1601 optatisque
415 1545 606 1600 aspergit
639 1545 761 1598 aquis
792 1550 835 1586 et
866 1544 974 1586 talia
1004 1543 1197 1585 mandat:

231 1613 357 1658 ‘Viue
385 1615 461 1657 diu
490 1616 625 1658 nostri
655 1615 808 1670 pignus
837 1614 1120 1656 memorabile
1151 1614 1253 1665 uoti,

141 1685 287 1738 arbor,
319 1689 364 1728 et
393 1687 499 1729 haee
529 1685 666 1728 durae
696 1685 916 1727 latebrosa.
945 1684 1107 1727 cubilia
1137 1684 1370 1738 Nymphae
1524 1695 1570 1727 44

142 1760 190 1799 tu
219 1757 373 1800 saltem
402 1757 578 1800 declinis
610 1770 723 1799 ama:
755 1769 905 1812 preme
937 1756 1157 1799 frondibus
1188 1755 1360 1799 undam.

140 1827 223 1871 illa
253 1828 426 1882 quidem
455 1830 631 1880 meruit,
661 1827 738 1871 sed
767 1837 836 1880 ne,
866 1840 1035 1883 precor,
1066 1827 1164 1882 igne
1195 1839 1380 1880 superno

141 1902 305 1942 aestuet
335 1903 409 1942 aut
437 1899 550 1942 dura
579 1900 762 1942 feriatur
791 1898 1016 1953 grandine;
1048 1901 1217 1940 tantum

236 2064 282 2100 26
307 2065 358 2100 sie
384 2064 490 2100 Delia
515 2063 595 2099 fata
619 2062 877 2108 corriyendnm
901 2063 1052 2099 uidetur
1076 2063 1147 2106 (II
1163 2066 1195 2106 7,
1218 2066 1295 2098 105.
1319 2063 1424 2098 Tlaeb.
1445 2062 1567 2098 1510.

140 2121 218 2158 III
237 2124 319 2159 496.
343 2122 412 2158 IV
433 2125 514 2158 404.
548 2123 584 2157 V
604 2125 685 2158 689.
718 2122 804 2158 VII
824 2125 906 2158 390.
932 2125 1014 2158 614.
1040 2122 1107 2157 ΙΧ
1130 2125 1189 2157 24.
1218 2122 1258 2157 Χ
1283 2121 1568 2157 271.ΧΙΙ166.

142 2183 223 2223 773,·
248 2182 297 2225 cf.
325 2181 419 2217 XII
439 2185 521 2217 641.
547 2181 574 2217 Ι
579 2181 614 2216 Γ
636 2184 716 2217 644.
750 2181 786 2216 V
805 2183 898 2225 284)
1042 2181 1087 2216 29
1113 2182 1301 2226 leuamque
1332 2181 1432 2224 MA,
1470 2181 1569 2215 leua-

141 2251 211 2286 que
234 2241 350 2286 M’m,
374 2243 587 2287 laeuumque
614 2253 638 2283 ς
781 2242 900 2285 sopori
924 2240 1021 2284 (scil.
1048 2243 1202 2283 auersa)
1225 2240 1371 2285 scripsi,
1405 2250 1567 2284 soporem

140 2299 199 2346 Μ,
224 2311 373 2345 soporae
399 2300 549 2345 Krohn,
582 2301 733 2344 supinae
766 2299 890 2336 Slater
1033 2300 1077 2334 31
1106 2301 1207 2335 deam
1234 2311 1256 2341 ς
1401 2299 1447 2334 33
1473 2300 1568 2334 sicut

140 2363 222 2395 erat
246 2359 400 2405 Μανῆ,
425 2361 477 2396 sio
503 2364 584 2396 tota
607 2359 658 2395 M
796 2360 842 2395 34
870 2370 941 2395 una
966 2359 1022 2404 M,
1044 2370 1138 2395 corr.
1170 2371 1192 2401 ς
1337 2359 1383 2394 38
1409 2358 1569 2394 Pholoen

139 2420 286 2466 scripsi,
316 2422 490 2458 bromium
508 2421 566 2466 M,
594 2422 712 2456 Brimo
731 2419 909 2466 Sauli-w,
930 2420 1106 2456 Bromiam
1126 2419 1386 2463 Laud-droam,
1407 2419 1567 2454 Triuiam

140 2479 389 2525 Smdstroem,
425 2481 590 2516 Bormum
618 2480 720 2516 Ellis
839 2480 885 2516 39
910 2480 990 2515 nisu
1020 2478 1228 2523 Peyrardde
1351 2479 1397 2512 45
1422 2488 1502 2514 ama
1528 2481 1567 2512 et

143 2537 281 2574 Markl.
378 2541 483 2576 udam
509 2540 649 2577 conieci
746 2540 790 2575 47
818 2540 898 2575 dira.
922 2538 1105 2574 Schrader
