1872 2930
501 265 806 333 SAIPVARVM
835 264 943 308 LIB.
976 267 1021 308 II
1053 267 1232 310 EPIST.
1527 272 1584 311 49

217 405 334 461 apud
362 409 406 448 te
434 405 563 457 iacto,
596 405 670 459 qui
710 407 835 458 nosn‘,
866 406 942 448 sed
972 410 1016 449 et
1057 408 1212 449 ceteris
1254 408 1409 459 indico,
1441 421 1494 450 ne
1543 419 1584 453 12

218 477 316 531 quis
344 477 564 531 asperiore
594 476 703 518 lima
732 489 908 519 carmen
944 479 1163 520 examinet
1192 483 1237 521 et
1266 492 1296 520 a
1323 480 1498 521 confuso

215 548 426 603 seriptum
455 551 500 590 et
529 547 693 590 dolenti
721 547 886 600 datum,
916 562 1015 591 cum
1045 563 1182 604 paene
1226 563 1497 604 superuacua

155 628 181 664 3
207 619 301 661 >nint
337 618 467 660 tarda
495 618 672 662 solacia.
816 619 932 661 Polli
968 621 1054 662 mei
1084 620 1194 662 uilla
1240 620 1496 662 Surrentina

217 701 330 744 quae
357 691 566 744 sequitur,
585 690 732 733 debuit
750 703 777 733 a
796 704 866 733 me
886 691 957 733 uel
975 692 1020 733 in
1051 692 1259 734 honorem
1291 692 1494 745 eloquen-
1543 704 1584 737 16

215 762 304 804 tiae
349 761 442 803 eius
486 761 732 816 diligentius
778 762 876 814 dici,
917 763 991 805 sed
1034 764 1197 805 amicus
1242 764 1420 818 ignouit.
1452 765 1496 804 in

217 832 418 875 arborem
464 835 581 874 certe
628 836 762 887 tuam,
795 834 963 886 Melior,
994 838 1038 875 et
1079 835 1310 889 psittacum
1354 835 1436 876 scis
1468 847 1494 875 a

216 914 287 945 me
316 902 435 945 leues
466 903 636 945 libellos
662 905 784 957 quasi
815 905 1142 959 epigrammatis
1172 905 1267 947 loco
1298 905 1492 959 scriptos

186 973 398 1016 >eandem
443 974 647 1028 exigebat
691 974 779 1016 stili
826 975 1080 1017 facilitatem
1124 976 1193 1018 leo
1234 979 1494 1027 mansuetus,
1540 987 1586 1021 20

217 1056 345 1098 quem
374 1045 422 1085 in
469 1045 793 1099 amphitheatro
837 1050 1101 1101 prostratum
1148 1046 1354 1101 frigidm
1402 1051 1498 1088 erat

215 1115 504 1157 sacratissimo
548 1115 810 1170 Imperatori
854 1117 899 1157 ni
930 1117 1074 1159 statim
1118 1117 1352 1160 traderem.

79 1198 83 1200 “
157 1182 181 1230 4
216 1184 290 1227 Ad
318 1185 481 1227 Vrsum
523 1198 691 1240 quoque
734 1190 943 1238 nostrum,
973 1188 1172 1230 iuuenem
1217 1187 1466 1242 candidississ

217 1269 336 1298 mum
356 1260 400 1298 et
417 1257 508 1298 sine
538 1257 709 1299 iactura
738 1258 928 1300 desidiae
955 1259 1256 1311 doctissimum,
1286 1260 1494 1313 scriptam
1539 1268 1586 1303 24

211 1326 271 1369 'de
302 1327 458 1369 amisso
486 1340 623 1381 puero
665 1329 997 1372 consolationem
1027 1342 1156 1384 super
1187 1343 1241 1371 ea
1272 1342 1381 1382 quae
1413 1329 1497 1383 ipsi

217 1396 345 1440 debeo
374 1398 476 1439 huic
524 1398 636 1440 libro
680 1399 868 1441 libenter
912 1401 1090 1452 inserui,
1138 1401 1239 1454 quia
1286 1401 1495 1442 honorem

156 1472 184 1514 5'
217 1469 309 1510 eius
354 1469 433 1511 tibi
479 1469 646 1511 laturus
693 1474 868 1525 accepto
899 1475 973 1514 est.
1119 1470 1265 1522 Cludit
1294 1471 1496 1513 uolumen

215 1539 516 1595 genethliacon
547 1541 722 1595 Lucani,
756 1541 870 1595 quod
899 1542 1028 1584 Polla
1055 1543 1330 1597 Argentaria,
1361 1543 1494 1583 raris-
1539 1551 1585 1587 28

216 1611 329 1652 sima
357 1624 558 1665 uxorum,
578 1624 676 1653 cum
694 1612 810 1654 hunc
837 1613 951 1654 diem
984 1613 1093 1655 forte
1124 1612 1493 1665 concele<bra>re-

216 1695 325 1734 mus,
355 1683 563 1736 imputari
594 1684 675 1726 sibi
718 1684 868 1727 uoluit.
901 1698 981 1739 ego
1011 1699 1095 1727 non
1124 1686 1242 1740 potui
1286 1685 1497 1727 maiorem

217 1754 326 1795 tanti
345 1753 530 1796 auctoris
562 1754 725 1796 habere
755 1756 1047 1797 reuerentiam
1068 1769 1196 1809 quam
1217 1755 1330 1809 quod
1348 1755 1497 1797 laudes

159 1835 183 1870 6
219 1824 311 1866 eius
357 1824 549 1866 dicturus
598 1826 875 1868 hexametros
923 1839 1040 1868 meos
1075 1821 1227 1869 timui.
1374 1827 1494 1868 Haec
1539 1837 1585 1871 3-2

219 1894 550 1949 qualiacumque
595 1899 703 1947 sunt,
751 1896 909 1939 Melior
955 1898 1189 1950 carissime,
1220 1898 1256 1939 si
1303 1898 1380 1939 tibi
1411 1910 1495 1939 non

255 2060 298 2095 12
323 2059 339 2094 I
365 2060 469 2094 udico
493 2059 575 2103 Ma,
601 2060 718 2094 indico
738 2059 838 2094 ΜΖΑ
988 2062 1030 2096 15
1053 2061 1234 2097 solatiaA
1260 2062 1421 2107 (sollatia
1448 2064 1491 2104 a.)

160 2119 204 2154 16
228 2119 362 2154 honore
398 2118 455 2163 M,
480 2130 572 2154 corr.
600 2130 623 2160 ς
720 2120 766 2154 20
791 2120 993 2163 agilitatem
1021 2119 1254 2156 Cornelissen
1367 2121 1413 2154 22
1440 2122 1584 2155 tradere

156 2176 279 2214 Barth
375 2179 421 2214 26
447 2179 557 2213 dehec
583 2179 639 2222 M,
660 2180 729 2214 deh
756 2180 797 2224 ss
808 2180 824 2224 l
849 2179 923 2223 A*,
949 2191 1042 2215 corr.
1070 2191 1091 2221 ς
1190 2181 1345 2215 libenter
1376 2180 1432 2223 M,
1462 2190 1529 2214 om.
1550 2191 1584 2222 a,

155 2237 240 2272 add.
260 2238 299 2273 A
398 2239 441 2273 27
468 2242 656 2283 acceptum
668 2236 725 2285 (ς)
752 2242 819 2273 est.
834 2238 958 2274 Cludit
978 2238 1147 2284 Mada-iq,
1168 2244 1318 2284 accepto
1340 2240 1510 2275 Excludit
1529 2239 1585 2283 JI,

156 2298 299 2333 laturus
323 2302 381 2333 est
406 2302 605 2342 acceptum.
632 2298 731 2334 Excl.
756 2298 896 2334 Mar-kl.
994 2299 1039 2334 28
1063 2311 1117 2343 sq.
1138 2300 1321 2335 rarissima
1344 2301 1378 2346 (r
1397 2311 1476 2344 emp.
1504 2305 1538 2335 et
1565 2310 1582 2334 e

155 2366 339 2401 supra-scr.
358 2355 436 2404 Μ’)
456 2367 601 2392 uxorum
621 2358 677 2400 M,
697 2359 883 2393 carissima
903 2368 990 2393 uxor
1008 2369 1043 2402 a,
1063 2359 1246 2394 rarissima
1273 2362 1385 2394 uxorfi
1403 2359 1440 2393 A

157 2415 204 2450 29
222 2416 553 2452 concelebrare-mus
571 2416 716 2460 scripsi,
736 2418 1001 2452 consuleremus
1015 2417 1071 2461 ill,
1091 2418 1354 2452 consideremus
1368 2429 1403 2461 a,
1423 2418 1583 2453 conside·

158 2485 319 2511 tammus
344 2475 465 2520 Doni„
492 2476 764 2512 Consuleremus
791 2477 865 2520 A*,
884 2487 1174 2513 consecraremus
1202 2478 1359 2517 Auant„
1385 2479 1582 2513 coleremus

158 2531 326 2577 Skutsch,
364 2545 436 2570 una
473 2536 670 2570 coleremus
709 2535 886 2580 Postyate
1031 2536 1076 2571 30
1114 2537 1281 2571 maiorem
1319 2536 1416 2579 MA,
1455 2547 1523 2571 om.
1562 2547 1583 2569 α
