1872 2930
597 229 902 295 SILVARVM
933 228 1043 271 121ss.
1077 230 1098 270 1
1130 233 1157 271 4
1537 233 1594 273 35

165 385 266 414 nam
296 383 439 425 neque
469 370 683 426 plebeiam
714 374 789 412 aut
817 369 973 412 dextro
1003 371 1094 412 sine
1126 371 1297 412 numine
1328 374 1492 412 cretam

165 455 292 486 seruo
322 442 527 485 animam.
559 445 689 495 atque
720 440 827 483 adeo
858 441 1062 491 breuiter,
1093 440 1196 482 dum
1227 445 1340 484 tecta
1369 443 1573 492 subimus,

154 513 407 569 expediam.
439 526 571 567 genus
600 514 693 567 ipse
721 513 808 554 suis
839 514 1157 566 praemissaque
1189 517 1306 554 retro
1547 524 1594 558 68

162 585 375 640 nobilitas,
403 597 482 626 nee
513 584 635 638 origo
664 584 785 635 latet,
814 583 890 625 sed
920 583 1015 625 luce
1047 588 1249 636 sequente

165 657 350 699 uincitur
379 659 424 698 et
452 668 610 710 magno
640 655 798 710 gaudet
828 655 1000 697 cessisse
1030 656 1190 709 nepoti.

165 728 309 782 prima
337 730 464 781 togae
493 726 643 767 uirtus:
680 724 795 768 Tulli
829 738 996 779 quoque
1026 727 1170 767 clarus
1199 729 1244 768 et
1271 727 1420 781 ingens

163 797 351 852 eloquiog,
379 810 483 838 mox
512 797 747 839 innumeris
776 797 972 838 exercita
1002 798 1152 838 eastris
1547 810 1595 843 72

163 867 365 910 occiduas
395 869 642 923 primasque
671 868 832 921 domos,
863 872 906 910 et
936 868 1024 910 sole
1054 869 1133 910 sub
1164 871 1277 911 omni

162 939 424 993 <armiferae
454 952 740 993 quaecumque
771 939 870 981 duci
898 939 1030 993 playa
1060 939 1231 982 subdita
1243 939 1452 994 Romae>
1529 950 1594 985 73⁸

164 1011 404 1066 permeruit
430 1014 578 1052 iurata
607 1023 772 1062 manus,
802 1023 881 1052 nee
911 1012 955 1052 in
985 1012 1073 1052 otia
1102 1011 1221 1064 pacis

98 1076 106 1079 ’
164 1081 420 1136 permissum
450 1081 603 1123 laxare
635 1082 800 1122 animos
830 1082 1080 1134 ferrumque
1110 1082 1284 1136 recingi.

166 1153 278 1192 hune
309 1149 499 1194 Galatea
528 1153 554 1205 †
585 1152 732 1205 uigens
763 1164 868 1193 ausa
897 1155 960 1193 est
991 1152 1199 1194 incessere
1229 1153 1343 1194 bello
1374 1154 1399 1206 †
1546 1164 1592 1198 76

165 1222 255 1277 (me
289 1212 476 1276 quoque)
506 1234 665 1276 perque
693 1235 849 1265 nouem
881 1223 1023 1263 timuit
1053 1223 1316 1278 Pamphylia
1346 1236 1503 1265 messes

164 1293 488 1347 Pannoniusque
522 1294 644 1335 ferox
676 1306 867 1347 arcuque
897 1294 1118 1336 horrenda
1148 1296 1293 1350 fugaci

167 1365 376 1408 Armenia
405 1369 449 1407 et
478 1366 645 1420 patiens
675 1366 787 1407 Latii
817 1366 906 1407 iam
937 1367 1076 1420 pontis
1107 1367 1290 1412 Araxes,

166 1435 268 1490 quid
297 1436 486 1491 geminos
516 1436 651 1478 fasces
681 1449 949 1491 magnaeque
979 1438 1136 1479 iterata
1165 1438 1390 1479 reuoluam
1545 1448 1593 1483 80

163 1509 262 1568 iura
291 1507 445 1549 Asiae?
475 1507 583 1549 uelit
611 1508 690 1549 illa
722 1508 893 1561 quidem
924 1511 991 1550 ter
1020 1509 1181 1551 habere
1213 1512 1449 1563 quaterque

165 1580 278 1620 hune
308 1578 403 1631 sibi,
434 1578 510 1620 sed
540 1583 743 1621 reuocant
774 1580 871 1621 fasti
903 1581 1124 1634 maiorque
1155 1581 1316 1622 eurulis

162 1662 241 1693 nee
272 1650 477 1705 permissa
506 1651 652 1693 semel.
685 1650 836 1704 Libyci
867 1650 968 1704 quid
999 1651 1111 1692 mira
1142 1652 1291 1693 tributi

163 1722 367 1774 obsequia
396 1725 439 1763 et
469 1721 645 1762 missum
674 1721 816 1764 media
846 1722 900 1764 de
932 1735 1039 1776 paee
1070 1723 1340 1776 triumphum
1547 1734 1591 1767 8⁴

163 1859 256 1885 corr.
276 1861 311 1894 ς,
329 1851 492 1886 laudarit
504 1849 614 1886 Dom.
712 1851 756 1886 66
777 1852 962 1895 phebeiam
977 1851 1033 1893 M,
1046 1862 1139 1886 corr.
1160 1863 1183 1893 ς
1201 1862 1237 1894 α,
1255 1852 1428 1897 phebeam
1439 1850 1496 1887 A*

163 1909 209 1944 67
234 1910 324 1944 adeo
349 1909 510 1945 breuiter
523 1914 633 1955 atque
647 1909 704 1953 M,
721 1921 813 1945 corr.
839 1921 875 1944 m
969 1911 1016 1945 68
1034 1911 1277 1956 permissaque
1295 1911 1352 1953 M,
1366 1921 1458 1946 corr.
1474 1922 1496 1952 ς
1508 1911 1591 1946 Pol.

259 1969 305 2004 69
330 1969 502 2004 nobilitat
527 1969 766 2006 Sana-struem
790 1970 888 2013 (coll.
916 1969 1044 2005 Sidon.
1071 1981 1100 2005 c.
1129 1973 1160 2013 7,
1182 1971 1277 2018 162),
1297 1970 1393 2005 idem
1420 1971 1591 2015 praemis·

164 2037 274 2072 saque
297 2037 382 2072 qen.
406 2031 540 2063 neutro
686 2029 728 2063 71
757 2028 855 2063 Tulli
879 2028 1023 2073 scripSe',
1049 2029 1105 2063 illi
1130 2029 1187 2072 211,
1213 2030 1279 2064 illa
1304 2040 1338 2071 ς,
1359 2030 1435 2064 illic
1453 2030 1593 2075 Peyra-

164 2085 259 2130 re'de,
283 2087 409 2130 lingua
433 2086 585 2129 Mar-kl„
611 2087 679 2130 illi,
699 2098 769 2132 quo
795 2088 840 2122 cl.
868 2092 906 2122 et
930 2088 1001 2131 ing.
1027 2087 1217 2132 Eloquium
1241 2088 1461 2124 Phillimore

164 2145 210 2181 72
234 2146 409 2181 exercitia
436 2145 491 2188 M,
518 2156 611 2181 corr.
636 2157 672 2180 m
817 2147 861 2181 73
887 2147 1057 2181 occiduae
1077 2148 1282 2192 primaeque
1309 2149 1432 2182 domus
1459 2147 1590 2192 θυμοὶ,

165 2210 206 2242 tu
230 2206 428 2249 permeruit
445 2216 520 2250 pro
546 2204 689 2241 'meruit
707 2205 788 2251 per'
809 2206 977 2250 positum
1000 2206 1166 2252 accipias
1191 2206 1257 2253 (cf.
1284 2206 1393 2242 Theb.
1418 2207 1486 2242 IV
1503 2207 1590 2253 389)

259 2264 324 2300 73⁵
345 2274 376 2300 e.
398 2275 435 2310 9.
466 2265 651 2310 suppleui,
676 2265 850 2300 lacunam
862 2265 1059 2301 Housman
1078 2271 1296 2312 αρηοιιεναίς
1314 2266 1497 2302 idemsole
1523 2267 1588 2302 sub

163 2324 259 2359 omni
274 2323 431 2365 <effusos
449 2325 569 2368 pelagi
587 2328 730 2360 tractus
750 2329 937 2370 terrasque
956 2329 1150 2369 patentes>
1167 2327 1364 2370 permeruit
1383 2326 1591 2362 coniecerat

259 2383 304 2419 75
330 2383 462 2428 retingi
481 2383 577 2426 MA,
604 2394 696 2419 corr.
724 2395 747 2426 ς
772 2395 807 2427 a,
906 2385 950 2420 76
974 2386 1100 2429 ingens
1125 2397 1160 2428 α,
1186 2385 1357 2422 Galatum
1384 2386 1439 2421 ira
1464 2387 1590 2430 ingens

160 2442 208 2478 R.
241 2442 375 2489 quer,
400 2442 555 2479 Galatae
582 2445 636 2478 uis
662 2455 745 2479 ense
770 2454 802 2479 a.
823 2454 853 2478 e.
878 2444 901 2479 i.
928 2444 1047 2480 bellax
1073 2445 1215 2481 conieci
1358 2446 1402 2480 77
1428 2456 1493 2490 per
1531 2444 1586 2487 M,

164 2511 255 2537 corr.
281 2513 326 2536 m.
351 2502 434 2538 Pol.
531 2504 651 2538 tenuit
675 2503 801 2539 Par-m.
945 2503 990 2539 83
1016 2505 1190 2548 promissa
1215 2504 1311 2547 MA,
1343 2515 1436 2540 corr.
1463 2504 1587 2539 Parm.
