1872 2930
276 240 360 285 126
740 236 791 280 Ρ.
824 236 1032 278 ΡΑΡΙΝΙ
1063 234 1236 278 STATI

273 380 396 422 curia
425 377 686 422 Caesareum
718 378 876 434 gaudet
905 378 1057 421 uicisse
1087 378 1309 433 pudorem.

274 453 366 507 ipse
396 452 527 494 etiam
558 451 756 494 immensi
787 453 1017 506 reparator
1048 450 1262 492 maximus
1292 451 1388 492 aeui

276 522 432 564 attollit
463 521 608 563 uultus
637 525 680 563 et
711 525 894 575 utroque
925 534 953 562 a
983 521 1130 563 limine
1160 523 1306 575 grates
1665 532 1710 568 12

275 593 405 636 Ianus
437 593 539 648 agit,
571 605 699 647 quem
731 597 776 634 tu
807 593 955 634 uicina
986 593 1101 634 Pace
1132 592 1313 647 ligatum

277 665 422 707 omnia
450 664 609 705 iussisti
640 676 895 719 componere
927 663 1044 706 bella
1071 663 1257 718 nouique

276 737 321 777 in
352 736 471 790 leges
500 736 647 778 iurare
677 736 773 778 fori.
803 735 923 778 leuat
953 748 1049 777 ecce
1079 736 1251 790 supinas

278 808 375 849 hinc
408 810 538 861 atque
568 806 667 849 inde
698 820 848 848 manue
879 808 1135 862 geminaque
1166 808 1275 849 haec
1305 819 1408 850 uoce
1429 807 1637 862 profatur:
1666 819 1712 854 16

368 876 524 933 ‘Salue,
555 890 710 932 magne
742 890 915 933 parens,
947 877 1093 920 mundi
1124 879 1199 932 qui
1228 878 1404 920 saecula
1434 891 1601 921 mecum

277 950 519 991 instaurare
551 961 693 1003 paras,
725 949 856 991 talem
889 955 930 991 te
962 961 1140 991 cernere
1170 961 1341 1004 semper

278 1033 422 1062 mense
454 1033 549 1062 meo
582 1023 655 1062 tua
686 1020 828 1062 Roma
857 1020 988 1075 cupit3
1019 1020 1079 1062 sic
1110 1022 1308 1075 tempora
1335 1020 1467 1076 nasci,

278 1092 337 1133 sic
370 1104 500 1133 annos
530 1091 696 1133 intrare
726 1091 862 1134 decet.
893 1091 950 1133 da
979 1091 1140 1146 gaudia
1176 1092 1295 1134 fastis
1665 1102 1714 1138 20

279 1163 493 1218 continua3
525 1163 603 1204 hos
633 1174 804 1204 umeros
836 1162 970 1204 multo
999 1164 1113 1204 sinus
1143 1163 1308 1206 ambiat
1337 1167 1452 1205 ostro

280 1237 323 1276 et
354 1236 587 1288 properata
617 1236 716 1275 tuae
747 1233 942 1275 munibus
973 1237 1200 1287 praetexta
1230 1233 1465 1277 Mineruae.

280 1305 435 1359 aspicis
465 1308 513 1346 ut
544 1305 716 1360 templis
745 1303 856 1347 alius
886 1305 1014 1360 nitor,
1047 1305 1177 1349 altior
1207 1305 1296 1347 aris

282 1377 391 1432 ignis
421 1379 464 1418 et
495 1376 588 1430 ipsa
618 1389 741 1419 meae
772 1379 945 1431 tepeant
975 1376 1051 1419 tibi
1081 1376 1226 1419 sidera
1254 1377 1457 1420 brumae?
1665 1386 1711 1422 24

282 1448 472 1490 moribus
499 1448 524 1500 †
544 1450 674 1500 atque
705 1448 787 1487 tuis
818 1445 1008 1501 gaudent
1038 1450 1291 1501 turmaeque
1322 1447 1543 1501 tribusque

282 1518 574 1573 purpureique
605 1522 765 1572 patres,
797 1517 1022 1572 lucemque
1053 1531 1081 1559 a
1110 1517 1281 1560 consule
1312 1517 1429 1560 ducit

280 1591 416 1632 omnis
448 1590 595 1634 honos,
630 1589 734 1644 quid
765 1589 866 1645 tale,
897 1602 1066 1644 precor,
1097 1590 1218 1644 prior
1249 1602 1387 1634 annue
1417 1590 1627 1634 habebat?

280 1661 350 1703 dic
381 1673 476 1717 age,
508 1661 649 1704 Roma
678 1664 846 1716 potens,
877 1665 920 1703 et
951 1673 1133 1716 mecum,
1165 1661 1297 1717 longa
1326 1662 1541 1715 Vetustus,
1667 1671 1718 1707 28

282 1732 510 1775 dinumera
540 1732 669 1774 fastos
699 1745 777 1774 nec
808 1746 946 1787 parua
976 1732 1179 1788 exempla
1207 1745 1396 1787 recense,

281 1803 355 1846 sed
387 1815 496 1857 quae
527 1802 619 1845 sola
649 1815 771 1844 meus
802 1802 1001 1858 dignetur
1032 1803 1203 1844 uincere
1235 1800 1408 1846 Caesar.

283 1878 348 1916 ter
380 1873 504 1916 Latio
533 1873 757 1927 deciesque
789 1873 887 1915 tulit
917 1873 1159 1917 labentibus
1190 1875 1314 1916 annis

282 1945 496 2000 Augustus
526 1945 676 1999 fascea,
707 1944 782 1988 sed
813 1944 952 2000 coepit
981 1957 1079 1988 sero
1110 1946 1284 1988 mereri:
1668 1955 1717 1990 32

284 2020 331 2058 tu
360 2017 528 2059 iuuenis
558 2028 835 2071 praegressus
867 2029 980 2058 auos.
1013 2020 1058 2058 et
1088 2020 1247 2070 quanta
1277 2029 1463 2071 recusas,

382 2206 421 2241 11
450 2206 584 2241 emensi
620 2205 820 2242 Burmann
943 2207 985 2242 14
1012 2206 1160 2242 horrida
1196 2205 1336 2242 Mae-kl.
1460 2206 1501 2242 17
1538 2205 1719 2243 distinxit

283 2265 419 2307 BentL,
445 2276 575 2310 parens
601 2266 735 2310 mundi,
760 2266 821 2311 qui
851 2266 966 2311 uulgo
1086 2266 1132 2301 23
1158 2266 1266 2301 astris
1299 2264 1348 2300 M
1355 2264 1364 2284 ¹
1391 2264 1434 2300 in
1463 2275 1548 2311 my„
1581 2264 1657 2301 aris
1679 2275 1718 2309 a,

284 2326 358 2360 aris
377 2323 416 2359 ul
437 2326 544 2359 astris
576 2326 634 2359 A*
665 2326 1055 2371 (suprascr.:utru·quo
1088 2315 1134 2361 ht
1162 2326 1273 2360 codex
1302 2325 1443 2370 poggii)
1561 2323 1608 2360 25
1633 2333 1718 2361 ecce

285 2384 356 2418 tuis
381 2383 534 2425 Markl„
561 2394 676 2428 acqua
701 2385 773 2419 tuis
797 2384 977 2427 Bursian,
1003 2385 1162 2420 auctoris
1187 2383 1247 2419 uel
1263 2382 1397 2429 pot-'us
1415 2383 1521 2428 alme,
1539 2384 1612 2420 tuis
1629 2394 1719 2420 eon·

286 2441 381 2477 scias
479 2442 523 2478 26
549 2443 662 2487 patris
686 2442 743 2486 Μ,
770 2454 862 2479 corr.
887 2443 937 2479 M
944 2442 954 2462 ¹
1053 2443 1096 2479 31
1126 2443 1246 2479 Latios
1285 2442 1448 2478 Gronau.
1546 2443 1592 2479 82
1618 2442 1720 2480 feces

283 2500 342 2544 M,
368 2510 460 2536 corr.
489 2512 510 2542 τ
608 2505 645 2536 ct
670 2500 810 2536 Krolm
