1872 2930
294 174 349 214 24
757 170 808 212 P.
842 168 1046 211 PAPlNI
1077 167 1248 210 STATI

290 319 501 368 quantum
534 324 659 356 nosse
691 313 804 363 licet,
835 313 896 353 sic
928 312 1046 353 uicta
1073 322 1227 366 sopore
1255 309 1402 352 doloso

291 384 454 427 Martia
483 383 686 425 fluminea
716 382 857 437 posuit
887 382 1000 424 latus
1031 381 1115 423 Ilia
1144 381 1258 435 ripa3

291 468 374 497 non
406 455 506 497 talis
537 455 683 496 niueos
713 453 843 495 tinxit
873 451 1061 495 Lauinia
1090 451 1251 504 uultus,
1646 461 1722 497 244

289 538 388 567 cum
421 526 566 568 Turno
596 528 818 580 spectante
840 524 988 578 rubet&
1019 535 1103 566 non
1133 521 1318 566 Claudia
1348 522 1450 564 talis

291 596 483 651 respexit
515 595 695 651 populos
724 598 844 638 mota
871 594 961 636 iam
993 595 1118 648 uirgo
1148 593 1313 636 carina.

382 667 500 709 Nunc
533 679 655 721 opus,
686 665 904 717 Aonidum
934 665 1110 708 comites
1139 664 1443 720 tripodumque
1460 663 1659 715 ministri,

290 738 472 780 diuersis
503 742 675 779 certare
704 736 856 779 modis:
887 740 960 779 eat
989 737 1147 779 enthea
1169 737 1288 778 uittis
1649 743 1722 781 248

292 814 421 862 atque
455 808 627 851 hederis
657 807 862 850 redimita
890 807 1060 859 cohors,
1090 810 1140 849 ut
1167 807 1304 862 pollet
1331 806 1478 850 ouanti

292 881 471 934 quisque
505 880 618 934 lyra.
650 878 725 921 sed
755 878 993 933 praecipui,
1024 879 1098 932 qui
1129 878 1273 921 nobile
1302 890 1454 933 gressu

292 956 491 993 extremo
522 949 734 992 fraudatis
763 962 883 1003 opus,
913 948 1015 991 date
1045 949 1243 991 carmina
1271 948 1389 991 festis

290 1021 422 1076 digna
453 1021 571 1063 toris.
604 1021 718 1062 hunc
750 1020 855 1075 ipse,
887 1018 975 1063 Coo
1006 1019 1237 1075 plaudente
1268 1019 1452 1071 Phileto,
1500 1034 1522 1059 x
1651 1029 1723 1065 252

293 1090 675 1145 Callimachusque
705 1103 832 1133 senex
867 1091 1117 1145 Vmbroque
1148 1090 1401 1146 Propertius
1432 1094 1560 1133 antro

291 1162 520 1204 ambissent
551 1161 733 1209 laudare
763 1161 894 1213 diem,
926 1174 1004 1204 nec
1036 1162 1170 1203 tristis
1198 1162 1244 1203 in
1272 1162 1376 1216 ipsis

291 1233 408 1276 Naso
439 1233 586 1275 Tomis
615 1233 821 1287 diuesque
851 1234 945 1276 foco
975 1233 1144 1276 lucente
1176 1231 1388 1277 Tibullus.

382 1305 454 1346 Me
484 1308 601 1346 certe
633 1317 719 1346 non
749 1317 857 1346 unus
887 1317 1012 1347 amor
1043 1304 1316 1359 simplexque
1346 1303 1542 1347 canendi.
1650 1314 1721 1351 256

290 1387 422 1416 causa
452 1376 600 1417 trahit:
635 1380 774 1417 tecum
802 1375 966 1417 similes
995 1375 1252 1429 iunctaeque
1285 1373 1519 1426 Camenae,

292 1446 443 1498 Stella,
476 1447 598 1498 mihi,
632 1446 899 1500 multumque
930 1459 1060 1501 pares
1091 1447 1355 1489 bacchamur
1385 1445 1443 1488 ad
1473 1457 1574 1493 uas

293 1523 337 1559 et
368 1518 529 1559 sociam
561 1517 694 1560 doctis
726 1518 951 1559 haurimus
983 1518 1038 1560 ab
1069 1518 1266 1560 amnibus
1296 1516 1472 1559 undam.
1518 1530 1539 1532 *⁷

295 1593 340 1630 at
372 1592 412 1630 te
445 1593 689 1631 nascentem
722 1589 888 1643 gremio
921 1601 1019 1630 mea
1048 1589 1194 1643 prima
1225 1588 1389 1643 recepit
1650 1598 1721 1635 260

296 1660 582 1715 Parthenope,
614 1659 836 1714 dulcisque
867 1659 957 1702 solo
989 1664 1034 1702 tu
1065 1659 1208 1714 gloria
1235 1664 1379 1702 nostro

296 1732 487 1786 reptasti.
521 1732 706 1775 nitidum
738 1737 971 1787 consurgat
1001 1732 1057 1775 ad
1087 1732 1269 1775 aethera
1300 1731 1428 1774 tellus

296 1801 454 1845 Eubois
485 1807 528 1844 et
559 1802 745 1857 pulchra
776 1806 939 1844 tumeat
969 1802 1175 1846 Sebethos
1206 1801 1396 1855 alumna3

296 1886 371 1914 nec
404 1873 484 1914 sibi
515 1872 730 1926 sulpureis
762 1872 972 1914 Lucrinae
1005 1870 1162 1914 Naides
1193 1873 1329 1914 antris
1653 1880 1724 1918 204

298 1955 375 1985 nec
408 1943 744 1999 Pompeian(a)e
776 1942 977 1997 placeant
1010 1943 1148 1998 magis
1178 1943 1290 1986 obice
1321 1942 1462 1988 Sarni.

393 2087 461 2120 242
489 2096 592 2120 nosm-
620 2084 675 2126 M,
701 2095 795 2121 corr.
822 2095 845 2126 τ
990 2086 1058 2119 244
1085 2084 1234 2119 strinxit
1259 2083 1317 2127 M,
1342 2094 1435 2126 corr.
1463 2082 1582 2130 Guyet

298 2147 367 2178 250
395 2145 583 2188 praecipue
610 2154 632 2186 τ
777 2144 843 2179 251
870 2154 955 2188 opos
980 2142 1127 2184 Heius..
1154 2147 1193 2178 at
1220 2143 1270 2187 cs.
1302 2142 1368 2178 11³
1402 2145 1435 2192 7,
1459 2145 1494 2179 3.
1529 2141 1643 2189 Pmp.
1678 2140 1726 2178 11

299 2207 356 2240 10.
382 2206 415 2238 2.
442 2203 518 2238 ΙΙΙ
540 2207 575 2249 3,
603 2206 646 2238 15
671 2215 723 2248 sq.
753 2203 860 2238 Ouid.
886 2214 958 2239 am.
983 2202 1007 2238 1
1035 2206 1067 2247 1,
1092 2205 1140 2238 27
1285 2202 1416 2239 faustis
1441 2201 1584 2241 Maru.

300 2264 368 2297 252
409 2263 496 2297 toris
536 2261 641 2298 MA*
679 2262 798 2306 Dom„
835 2262 955 2297 choris
993 2273 1015 2297 a
1161 2263 1251 2297 choo
1285 2261 1343 2303 M,
1380 2272 1475 2298 corr.
1501 2272 1525 2303 ς
1547 2271 1584 2304 α.
1615 2261 1727 2297 choro

300 2322 449 2356 Arataei
595 2322 736 2357 l'lnllota
763 2321 919 2364 Ροῖεἱεν,
947 2322 1102 2368 pluilytcs
1128 2320 1185 2363 M.
1211 2322 1360 2366 pliilites
1385 2331 1420 2364 α,
1445 2321 1601 2366 phustas
1629 2318 1727 2364 Pol„

302 2381 461 2415 l'lu‘lctas
488 2392 507 2419 τ
604 2382 672 2415 255
700 2381 829 2415 thomis
856 2380 912 2424 M,
938 2391 1029 2417 corr.
1057 2392 1077 2420 ς
1150 2381 1219 2416 262
1243 2381 1388 2416 uindum
1413 2378 1472 2425 M,
1489 2389 1583 2416 corr.
1608 2390 1633 2423 ς

300 2441 368 2474 261
398 2440 463 2474 tibi
490 2439 613 2475 Parm.
730 2442 797 2474 265
827 2440 1028 2484 Ιόιιιρυίωιί
1067 2439 1120 2481 Μ,
1147 2440 1290 2475 correxi
1397 2439 1475 2475 otis
1498 2438 1551 2481 M,
1583 2438 1729 2476 corrui
