1872 2930
568 216 873 283 svaRvM
903 239 1013 281 ΗΒ.
1045 234 1088 281 v·
1123 245 1141 282 1
1479 247 1560 286 161

186 380 357 426 adsilui.
374 382 538 424 amauit
555 382 668 423 enim
688 393 869 423 uxorem
885 392 1028 424 meam
1045 377 1251 424 Priscilla
1265 386 1309 425 el:
1325 384 1507 426 amando

135 464 141 489 3
187 453 291 496 fecit
317 452 428 495 mihi
456 447 579 494 illam
608 453 916 507 probatiorem
947 456 1043 508 post
1074 455 1157 495 hoc
1175 450 1373 509 ingratus
1398 468 1505 503 sum,
1543 465 1566 499 8

137 534 163 571 3
190 525 228 567 si
254 523 460 566 lacrimas
478 525 573 564 tuas
588 525 774 565 transeo.
866 524 1104 566 Praeterea
1121 522 1233 565 latus
1253 533 1377 566 omne
1395 524 1507 570 diui-

183 607 267 638 nae
297 594 447 637 domus
476 606 647 648 semper
665 593 882 637 demereri
900 589 981 649 pro
999 606 1098 637 mea
1114 591 1414 638 mediocritate
1434 608 1504 637 co-

180 665 309 710 nitor.
339 678 440 707 nam
473 665 545 718 qui
576 665 688 707 bona
715 664 800 707 fide
830 664 931 706 deos
962 665 1080 720 colit,
1112 669 1230 707 amat
1250 669 1294 707 et
1311 666 1515 708 sacerdo·-

137 747 172 782 4-
185 739 262 780 tes.
353 731 438 778 sed
470 736 666 789 quamuis
696 736 944 790 propiorem
983 748 1107 777 usum
1151 736 1366 779 amicitiae
1409 740 1507 778 tuae
1524 747 1567 781 12

186 807 447 862 iampridem
477 818 694 861 cuperem,
727 807 903 849 mallem
924 810 1070 849 tamen
1090 807 1274 849 nondum
1296 808 1506 850 inuenisse

185 878 419 921 materiam>
1327 888 1331 890 ⁷

519 958 778 995 EPICEDION
801 959 855 994 IN
883 959 1186 995 PRISCILLAM.

167 1055 179 1057 ’“
227 1042 272 1085 Si
303 1056 453 1085 manus
485 1047 558 1085 aut
589 1042 747 1086 similes
778 1042 925 1087 docilis
956 1044 1065 1086 mihi
1096 1030 1258 1098 fingere
1290 1039 1411 1092 ceras

139 1116 214 1155 aut
244 1115 351 1157 ebur
381 1102 615 1169 impressis
631 1116 841 1156 aurumne
874 1115 1067 1157 animare
1098 1114 1263 1169 figuris,

138 1187 256 1241 hinc,
287 1187 502 1239 Priscilla,
534 1190 606 1228 tuo
637 1186 796 1228 solacia
827 1189 954 1241 grata
984 1187 1139 1228 marito

137 1257 422 1312 conciperem.
453 1269 638 1310 namque
672 1257 850 1312 egregia
880 1257 1039 1311 pietate
1069 1259 1273 1309 meretur,
1546 1244 1567 1301 4

137 1330 186 1370 ut
215 1327 287 1370 uel
319 1324 503 1383 Apelleo
534 1328 677 1369 uultus
709 1329 879 1382 signata
909 1329 1066 1380 colore,

137 1398 348 1441 Phidiaca
377 1399 449 1441 uel
480 1398 584 1440 uiua
615 1407 745 1441 manu
761 1398 960 1447 ,reddare
992 1399 1166 1444 dolenti.

137 1470 198 1512 sic
229 1470 402 1512 auferre
433 1470 550 1524 rogis
579 1471 780 1512 umbram
811 1474 987 1512 conatur
1020 1474 1062 1512 et
1092 1469 1252 1525 ingens,

138 1543 357 1583 certamen
388 1554 486 1583 cum
516 1541 656 1583 Morte
688 1541 799 1596 gerit
830 1554 1040 1594 curasque
1071 1541 1222 1597 fatigat
1543 1553 1565 1588 8

138 1612 352 1654 artificum
382 1612 511 1665 inque
543 1612 659 1654 omni
689 1616 730 1654 te
763 1613 934 1666 quaerit
965 1625 1112 1653 amare
1145 1613 1334 1655 metallo.

137 1681 214 1724 sed
243 1682 438 1724 mortalis
469 1683 615 1737 honos,
648 1683 772 1738 agilis
805 1696 933 1737 quem
963 1682 1120 1725 dextra
1149 1682 1332 1726 laborat.

234 1800 255 1835 7
282 1801 414 1836 adsilui
444 1799 502 1843 M,
534 1801 670 1836 assidui
701 1812 736 1843 a,
767 1801 894 1836 assilui
922 1798 959 1836 'A
1071 1815 1073 1817 >
1103 1801 1307 1837 Priscillam
1332 1800 1391 1847 M,
1426 1811 1518 1836 corr.
1545 1812 1569 1842 ς

234 1860 279 1896 12
303 1861 418 1897 uisum
444 1860 526 1908 Ma,
551 1871 644 1896 corr.
670 1872 693 1903 c,-
719 1858 754 1907 (ἓ
780 1872 881 1896 usum
906 1860 974 1906 A')
1073 1860 1116 1895 13
1137 1861 1248 1896 talem
1278 1859 1403 1895 Barth
1512 1861 1566 1895 in-

135 1920 277 1955 uenisse
295 1919 412 1964 MA*‚
443 1921 681 1956 interuenisse
709 1932 731 1962 ς
757 1932 781 1954 a
894 1931 967 1965 pro
993 1920 1212 1965 imperfecta
1236 1919 1333 1955 hanc
1351 1919 1565 1965 praefatio-

139 1989 222 2014 nem
245 1978 439 2014 Baehrens
458 1979 627 2023 habebat,
653 1990 719 2024 eqo
744 1972 977 2014 scribendum
1015 1978 1305 2014 eoeistimaue-rim
1344 1979 1487 2014 mallem
1511 1982 1568 2017 ‚ta-

141 2047 223 2073 men
245 2039 404 2075 nondum
427 2039 548 2079 <hunc
575 2039 662 2073 mihi
687 2039 963 2082 comparauisse,
990 2049 1094 2083 quam
1123 2049 1281 2074 maerore
1307 2039 1479 2083 luctuque
1507 2042 1568 2072 tuo

140 2098 331 2133 minuendo
367 2098 593 2142 impetrasse,
623 2099 778 2140 nedum>
811 2099 990 2133 inuenisse
1026 2098 1214 2133 materiam
1239 2098 1414 2133 BPicEDION
1439 2108 1474 2132 1N
1501 2108 1569 2131 Pm-

141 2166 281 2193 semum

234 2227 263 2263 I.
288 2238 475 2264 srrcnmoN
498 2239 534 2263 m
559 2239 753 2264 musetum
779 2238 915 2263 vxonssu
940 2227 996 2271 M,
1020 2227 1216 2272 Epicedion
1234 2230 1250 2262 1
1267 2227 1466 2271 priscillam
1486 2236 1569 2261 uxo-

139 2297 215 2323 rem
239 2286 291 2332 A,
316 2298 460 2323 uxorem
497 2288 581 2323 secl.
619 2287 748 2332 Klotz,
785 2289 823 2322 in
857 2288 1060 2322 Priscillam
1085 2280 1340 2327 <Abascanti>
1377 2296 1520 2321 uxorem
1546 2297 1571 2326 ς

140 2346 267 2382 Parm.
391 2347 409 2381 1
438 2346 576 2390 fingere
611 2345 708 2390 MA,
743 2347 890 2391 pingere
916 2345 1056 2382 Krohn
1176 2346 1198 2380 3
1224 2348 1384 2381 moretur
1416 2344 1472 2388 M,
1500 2355 1570 2379 me-

140 2409 243 2442 retur
267 2405 334 2441 M·
361 2417 385 2448 ς
411 2406 456 2441 Α’
484 2406 696 2452 (merentem
722 2407 762 2452 a)
858 2407 880 2441 6
906 2406 992 2440 uiua
1015 2405 1161 2451 scripsi,
1188 2408 1277 2440 nata
1301 2404 1357 2448 M,
1383 2407 1472 2439 nata
1497 2402 1571 2448 Μ’,

140 2474 226 2501 rasa
258 2463 451 2509 Schrader,
483 2476 542 2501 ·ue
574 2466 736 2501 animata
772 2464 1005 2508 Phillimore,
1043 2465 1251 2500 Phidiacam
1277 2465 1337 2499 uel
1361 2467 1471 2499 nacta
1498 2473 1570 2498 ma-

140 2534 226 2559 num
254 2524 435 2570 Postgate
531 2525 552 2559 9
579 2526 722 2569 quaerit
747 2525 879 2560 habere
906 2524 1045 2560 Markl.
