1872 2930
746 805 795 847 P.
829 803 1035 846 PAPINI
1067 803 1238 847 STATI

684 928 1298 986 SILVARVM

862 1050 1124 1107 menan.

586 1205 788 1241 STATIVS
816 1204 1017 1240 MELIORI
1045 1204 1136 1240 SVO
1163 1204 1401 1239 SALVTEM.

280 1303 294 1337 1
427 1291 483 1333 Et
514 1289 788 1332 familiaritas
836 1290 983 1332 nostr‘a
1014 1301 1101 1343 qua
1130 1288 1313 1344 gaudeo,
1345 1288 1515 1344 Melior,
1547 1288 1618 1330 uir

337 1363 497 1417 optime
544 1375 620 1404 nec
652 1362 791 1403 minus
822 1362 866 1403 in
912 1361 1070 1404 iudicio
1117 1360 1363 1403 litterarum
1411 1372 1543 1414 quam
1572 1359 1617 1401 in

338 1434 453 1475 omni
485 1434 601 1475 uitae
648 1433 793 1475 colore
841 1433 1087 1484 tersissime,
1118 1435 1162 1474 et
1191 1432 1284 1486 ipsa
1314 1430 1618 1486 opusculorum

340 1518 451 1559 quae
483 1505 560 1547 tibi
594 1503 718 1546 trado
749 1503 940 1546 condicio
970 1503 1030 1545 sic
1061 1502 1202 1558 posita
1232 1507 1296 1545 est
1330 1505 1376 1544 ut
1406 1504 1517 1544 totus
1545 1501 1619 1544 hic
1685 1512 1709 1547 4

339 1575 396 1618 ad
428 1580 466 1618 te
499 1575 610 1618 liber
642 1587 761 1617 meus
792 1575 925 1616 etiam
955 1575 1046 1616 sine
1078 1573 1261 1628 epistola
1291 1576 1466 1628 spectet.

279 1658 300 1692 2
339 1646 535 1688 Primum
567 1646 679 1688 enim
712 1646 841 1688 habet
869 1643 1101 1687 Glauciam
1132 1648 1337 1696 nostrum,
1368 1643 1488 1686 cuius
1517 1655 1619 1699 gra-

339 1718 502 1759 tissima
534 1717 723 1758 infantia
749 1721 792 1758 et
811 1716 986 1770 qualem
1017 1715 1274 1770 plerumque
1304 1714 1499 1757 infelices
1525 1726 1619 1757 sor-

338 1788 501 1829 tiuntur
548 1789 572 1839 †
606 1786 721 1841 apud
768 1791 809 1828 te
855 1786 1107 1841 complexus
1153 1786 1356 1828 amabam
1402 1785 1491 1827 iam
1536 1796 1619 1828 non
1686 1794 1709 1830 8

340 1860 416 1902 tibi
449 1861 487 1911 †.
516 1859 643 1900 huius
676 1859 821 1900 amissi
853 1870 1002 1900 recens
1031 1857 1202 1912 uulnus,
1221 1861 1270 1898 ut
1298 1857 1393 1909 scis,
1425 1854 1619 1911 epicedio

341 1934 591 1984 prosecutus
615 1943 709 1972 sum
730 1928 837 1972 adeo
868 1929 1118 1972 festinanter
1144 1932 1193 1971 ut
1222 1926 1511 1971 excusandam
1539 1926 1621 1969 ha-

340 2002 507 2043 buerim
555 2001 775 2043 affectibus
819 2000 901 2042 tuis
946 2000 1230 2043 celeritatem.
1262 2012 1340 2042 nec
1383 2011 1494 2041 nunc
1523 2009 1620 2042 eam

374 2130 432 2167 11.
460 2140 610 2165 savum
659 2129 715 2172 JI,
741 2140 811 2164 sn„
834 2128 868 2164 Ἀ

376 2223 499 2248 amar.
533 2214 554 2247 5
582 2213 627 2248 ad
653 2215 689 2247 te
723 2211 895 2256 Vollmer,
932 2211 1031 2247 altat·
1070 2210 1125 2253 M,
1163 2210 1260 2247 altor
1298 2218 1321 2252 ’,-
1356 2220 1392 2254 α,
1429 2209 1505 2246 alte
1533 2208 1568 2245 Ἀ

281 2276 445 2315 expectet
490 2271 545 2315 M,
589 2272 633 2306 ad
673 2274 709 2305 to
748 2274 889 2314 spectet
926 2269 1116 2305 Baehrens
1259 2269 1279 2304 7
1307 2268 1547 2313 gratissimam
1590 2266 1709 2304 infan-

281 2331 367 2365 tiam
402 2341 424 2372 ·:
520 2331 542 2364 8
568 2330 730 2366 amabam
767 2329 849 2365 MA
951 2330 1020 2365 iam
1053 2339 1138 2365 uero
1165 2339 1188 2370 ς
1283 2329 1384 2363 cuius
1417 2339 1449 2372 g.
1482 2325 1708 2364 infausta...

281 2390 435 2435 (r)apuit
467 2394 515 2430 to,
553 2390 756 2434 complexus
796 2389 991 2433 placabant
1029 2389 1164 2424 animos
1191 2387 1257 2423 tibi
1296 2386 1528 2432 temptabam,
1553 2385 1635 2422 coll.
1662 2385 1715 2422 II

282 2451 314 2491 1,
339 2451 482 2483 56—59
507 2449 726 2493 (eomploxus
766 2446 859 2482 illud
891 2458 964 2492 pro
1000 2446 1181 2482 nominat.
1203 2447 1303 2491 plur.
1341 2443 1598 2491 accipiendum
1622 2455 1709 2491 esse,

282 2507 319 2542 in
347 2508 650 2543 commentatione
675 2519 708 2542 a.
740 2509 831 2541 1903
861 2505 961 2541 edita
988 2505 1161 2550 expuam)
