<?xml version="1.0" encoding="UTF-8"?>
<!DOCTYPE html PUBLIC "-//W3C//DTD XHTML 1.0 Transitional//EN"
    "http://www.w3.org/TR/xhtml1/DTD/xhtml1-transitional.dtd">
<html xmlns="http://www.w3.org/1999/xhtml" xml:lang="en" lang="en">
 <head>
  <title>
</title>
<meta http-equiv="Content-Type" content="text/html;charset=utf-8" />
  <meta name='ocr-system' content='tesseract 3.04.00' />
  <meta name='ocr-capabilities' content='ocr_page ocr_carea ocr_par ocr_line ocrx_word'/>
</head>
<body>
  <div class='ocr_page' id='page_1' title='image "./silvaestat00statuoft_0065.png"; bbox 0 0 1872 2930; ppageno 0'>
   <div class='ocr_carea' id='block_1_1' title="bbox 0 0 308 260">
    <p class='ocr_par' dir='ltr' id='par_1_1' title="bbox 0 0 308 260">
     <span class='ocr_line' id='line_1_1' title="bbox 0 0 308 260; baseline 0 2670"><span class='ocrx_word' id='word_1_1' title='bbox 0 0 308 260; x_wconf 95' lang='lat' dir='ltr'><strong> </strong></span> 
     </span>
    </p>
   </div>
   <div class='ocr_carea' id='block_1_2' title="bbox 94 255 1580 594">
    <p class='ocr_par' dir='ltr' id='par_1_2' title="bbox 94 255 1580 594">
     <span class='ocr_line' id='line_1_2' title="bbox 582 255 1580 317; baseline 0.007 -22"><span class='ocrx_word' id='word_1_2' title='bbox 582 255 886 317; x_wconf 57' lang='lat' dir='ltr'><strong>SILYARVM</strong></span> <span class='ocrx_word' id='word_1_3' title='bbox 915 256 1022 298; x_wconf 92' lang='lat' dir='ltr'><strong>LIB.</strong></span> <span class='ocrx_word' id='word_1_4' title='bbox 1054 257 1097 299; x_wconf 91' lang='lat' dir='ltr'><strong>II</strong></span> <span class='ocrx_word' id='word_1_5' title='bbox 1135 261 1152 299; x_wconf 96' lang='lat'>1</span> <span class='ocrx_word' id='word_1_6' title='bbox 1523 263 1580 304; x_wconf 80' lang='lat'><strong>53</strong></span> 
     </span>
     <span class='ocr_line' id='line_1_3' title="bbox 94 396 1214 451; baseline 0.002 -13"><span class='ocrx_word' id='word_1_7' title='bbox 94 409 101 412; x_wconf 86' lang='grc'><em>·</em></span> <span class='ocrx_word' id='word_1_8' title='bbox 155 397 248 449; x_wconf 83' lang='lat' dir='ltr'><strong>quis</strong></span> <span class='ocrx_word' id='word_1_9' title='bbox 278 396 505 438; x_wconf 85' lang='lat' dir='ltr'><strong>matutinos</strong></span> <span class='ocrx_word' id='word_1_10' title='bbox 535 396 764 451; x_wconf 79' lang='lat' dir='ltr'><strong>abrumpet</strong></span> <span class='ocrx_word' id='word_1_11' title='bbox 793 410 1017 440; x_wconf 83' lang='lat' dir='ltr'><strong>murmure</strong></span> <span class='ocrx_word' id='word_1_12' title='bbox 1046 411 1214 440; x_wconf 89' lang='lat' dir='ltr'><strong>somnos</strong></span> 
     </span>
     <span class='ocr_line' id='line_1_4' title="bbox 153 467 1205 521; baseline 0.002 -13"><span class='ocrx_word' id='word_1_13' title='bbox 153 467 374 521; x_wconf 85' lang='lat' dir='ltr'><strong>impositus</strong></span> <span class='ocrx_word' id='word_1_14' title='bbox 402 467 548 508; x_wconf 81' lang='lat' dir='ltr'><strong>stratis</strong></span> <span class='ocrx_word' id='word_1_15' title='bbox 577 468 800 520; x_wconf 86' lang='lat' dir='ltr'><strong>abitusque</strong></span> <span class='ocrx_word' id='word_1_16' title='bbox 830 469 1069 511; x_wconf 78' lang='lat' dir='ltr'>morabitur</span> <span class='ocrx_word' id='word_1_17' title='bbox 1100 470 1205 510; x_wconf 86' lang='lat' dir='ltr'><strong>artis</strong></span> 
     </span>
     <span class='ocr_line' id='line_1_5' title="bbox 143 538 1579 594; baseline 0.003 -14"><span class='ocrx_word' id='word_1_18' title='bbox 143 539 335 581; x_wconf 74' lang='lat' dir='ltr'><strong>nexibus</strong></span> <span class='ocrx_word' id='word_1_19' title='bbox 365 541 494 591; x_wconf 83' lang='lat' dir='ltr'><strong>atque</strong></span> <span class='ocrx_word' id='word_1_20' title='bbox 524 538 638 592; x_wconf 88' lang='lat' dir='ltr'><strong>ipsos</strong></span> <span class='ocrx_word' id='word_1_21' title='bbox 666 540 893 582; x_wconf 81' lang='lat' dir='ltr'><strong>renouabit</strong></span> <span class='ocrx_word' id='word_1_22' title='bbox 922 539 977 581; x_wconf 84' lang='lat' dir='ltr'><strong>ad</strong></span> <span class='ocrx_word' id='word_1_23' title='bbox 1008 540 1152 582; x_wconf 86' lang='lat' dir='ltr'><strong>oscula</strong></span> <span class='ocrx_word' id='word_1_24' title='bbox 1171 541 1343 594; x_wconf 84' lang='lat' dir='ltr'><strong>postes?</strong></span> <span class='ocrx_word' id='word_1_25' title='bbox 1534 554 1579 588; x_wconf 75' lang='lat'><strong>64</strong></span> 
     </span>
    </p>
   </div>
   <div class='ocr_carea' id='block_1_3' title="bbox 152 608 1581 951">
    <p class='ocr_par' dir='ltr' id='par_1_3' title="bbox 152 608 1260 665">
     <span class='ocr_line' id='line_1_6' title="bbox 152 608 1260 665; baseline 0.002 -14"><span class='ocrx_word' id='word_1_26' title='bbox 152 609 303 651; x_wconf 87' lang='lat' dir='ltr'><strong>obuius</strong></span> <span class='ocrx_word' id='word_1_27' title='bbox 332 608 508 651; x_wconf 80' lang='lat' dir='ltr'><strong>intranti</strong></span> <span class='ocrx_word' id='word_1_28' title='bbox 539 621 688 650; x_wconf 85' lang='lat' dir='ltr'><strong>rursus</strong></span> <span class='ocrx_word' id='word_1_29' title='bbox 719 610 814 662; x_wconf 88' lang='lat' dir='ltr'><strong>quis</strong></span> <span class='ocrx_word' id='word_1_30' title='bbox 842 611 889 651; x_wconf 91' lang='lat' dir='ltr'><strong>in</strong></span> <span class='ocrx_word' id='word_1_31' title='bbox 919 624 998 652; x_wconf 89' lang='lat' dir='ltr'><strong>ora</strong></span> <span class='ocrx_word' id='word_1_32' title='bbox 1026 624 1260 665; x_wconf 87' lang='lat' dir='ltr'><strong>manusque</strong></span> 
     </span>
    </p>

    <p class='ocr_par' dir='ltr' id='par_1_4' title="bbox 152 679 1346 735">
     <span class='ocr_line' id='line_1_7' title="bbox 152 679 1346 735; baseline 0.002 -12"><span class='ocrx_word' id='word_1_33' title='bbox 152 679 348 735; x_wconf 76' lang='lat' dir='ltr'><strong>prosiliet</strong></span> <span class='ocrx_word' id='word_1_34' title='bbox 377 680 662 734; x_wconf 85' lang='lat' dir='ltr'><strong>breuibusque</strong></span> <span class='ocrx_word' id='word_1_35' title='bbox 693 688 866 723; x_wconf 87' lang='lat' dir='ltr'><strong>umeros</strong></span> <span class='ocrx_word' id='word_1_36' title='bbox 894 682 1179 725; x_wconf 79' lang='lat' dir='ltr'>circumdabit</span> <span class='ocrx_word' id='word_1_37' title='bbox 1208 683 1346 725; x_wconf 85' lang='lat' dir='ltr'><strong>ulnis?</strong></span> 
     </span>
    </p>

    <p class='ocr_par' dir='ltr' id='par_1_5' title="bbox 152 749 1182 808">
     <span class='ocr_line' id='line_1_8' title="bbox 152 749 1182 808; baseline 0.004 -16"><span class='ocrx_word' id='word_1_38' title='bbox 152 754 272 792; x_wconf 87' lang='lat' dir='ltr'><strong>muta</strong></span> <span class='ocrx_word' id='word_1_39' title='bbox 301 749 465 803; x_wconf 80' lang='lat' dir='ltr'><strong>domus,</strong></span> <span class='ocrx_word' id='word_1_40' title='bbox 495 750 669 805; x_wconf 78' lang='lat' dir='ltr'><strong>squalor</strong></span> <span class='ocrx_word' id='word_1_41' title='bbox 698 751 963 806; x_wconf 83' lang='lat' dir='ltr'><strong>desolatique</strong></span> <span class='ocrx_word' id='word_1_42' title='bbox 993 758 1182 808; x_wconf 74' lang='lat' dir='ltr'><strong>penateS,</strong></span> 
     </span>
    </p>

    <p class='ocr_par' dir='ltr' id='par_1_6' title="bbox 152 824 1581 951">
     <span class='ocr_line' id='line_1_9' title="bbox 152 824 1581 874; baseline 0.003 -9"><span class='ocrx_word' id='word_1_43' title='bbox 152 826 198 866; x_wconf 81' lang='lat' dir='ltr'><strong>et</strong></span> <span class='ocrx_word' id='word_1_44' title='bbox 225 824 331 865; x_wconf 87' lang='lat' dir='ltr'><strong>situs</strong></span> <span class='ocrx_word' id='word_1_45' title='bbox 360 824 406 865; x_wconf 88' lang='lat' dir='ltr'><strong>in</strong></span> <span class='ocrx_word' id='word_1_46' title='bbox 437 824 639 866; x_wconf 81' lang='lat' dir='ltr'><strong>thalamis</strong></span> <span class='ocrx_word' id='word_1_47' title='bbox 669 829 714 867; x_wconf 86' lang='lat' dir='ltr'><strong>et</strong></span> <span class='ocrx_word' id='word_1_48' title='bbox 742 830 905 868; x_wconf 83' lang='lat' dir='ltr'><strong>maesta</strong></span> <span class='ocrx_word' id='word_1_49' title='bbox 934 827 1103 868; x_wconf 86' lang='lat' dir='ltr'><strong>silentia</strong></span> <span class='ocrx_word' id='word_1_50' title='bbox 1133 826 1302 869; x_wconf 79' lang='lat' dir='ltr'><strong>mensis!</strong></span> <span class='ocrx_word' id='word_1_51' title='bbox 1534 838 1581 874; x_wconf 82' lang='lat'><strong>68</strong></span> 
     </span>
     <span class='ocr_line' id='line_1_10' title="bbox 242 893 1334 951; baseline 0.004 -16"><span class='ocrx_word' id='word_1_52' title='bbox 242 893 359 949; x_wconf 73' lang='lat' dir='ltr'><strong>Quid</strong></span> <span class='ocrx_word' id='word_1_53' title='bbox 388 896 561 947; x_wconf 80' lang='lat' dir='ltr'><strong>mirum,</strong></span> <span class='ocrx_word' id='word_1_54' title='bbox 592 899 709 939; x_wconf 81' lang='lat' dir='ltr'><strong>tanto</strong></span> <span class='ocrx_word' id='word_1_55' title='bbox 739 897 775 937; x_wconf 92' lang='lat' dir='ltr'><strong>si</strong></span> <span class='ocrx_word' id='word_1_56' title='bbox 806 900 848 939; x_wconf 88' lang='lat' dir='ltr'><strong>te</strong></span> <span class='ocrx_word' id='word_1_57' title='bbox 879 896 975 951; x_wconf 80' lang='lat' dir='ltr'><strong>pius</strong></span> <span class='ocrx_word' id='word_1_58' title='bbox 1006 897 1116 940; x_wconf 77' lang='lat' dir='ltr'><strong>altor</strong></span> <span class='ocrx_word' id='word_1_59' title='bbox 1146 898 1334 940; x_wconf 84' lang='lat' dir='ltr'><strong>honorat</strong></span> 
     </span>
    </p>
   </div>
   <div class='ocr_carea' id='block_1_4' title="bbox 146 937 1340 1022">
    <p class='ocr_par' dir='ltr' id='par_1_7' title="bbox 146 937 1340 1022">
     <span class='ocr_line' id='line_1_11' title="bbox 146 937 1340 1022; baseline 0.004 -16"><span class='ocrx_word' id='word_1_60' title='bbox 146 937 303 1007; x_wconf 14' lang='lat' dir='ltr'><strong>*funere</strong></span> <span class='ocrx_word' id='word_1_61' title='bbox 334 965 356 1008; x_wconf 79' lang='lat'><strong>⁶?</strong></span> <span class='ocrx_word' id='word_1_62' title='bbox 386 969 434 1007; x_wconf 88' lang='lat' dir='ltr'><strong>tu</strong></span> <span class='ocrx_word' id='word_1_63' title='bbox 462 965 632 1008; x_wconf 89' lang='lat' dir='ltr'><strong>domino</strong></span> <span class='ocrx_word' id='word_1_64' title='bbox 662 968 834 1020; x_wconf 83' lang='lat' dir='ltr'><strong>requies</strong></span> <span class='ocrx_word' id='word_1_65' title='bbox 864 972 1098 1022; x_wconf 89' lang='lat' dir='ltr'><strong>portusque</strong></span> <span class='ocrx_word' id='word_1_66' title='bbox 1127 972 1340 1021; x_wconf 83' lang='lat' dir='ltr'><strong>senectae,</strong></span> 
     </span>
    </p>
   </div>
   <div class='ocr_carea' id='block_1_5' title="bbox 151 1035 1580 1523">
    <p class='ocr_par' dir='ltr' id='par_1_8' title="bbox 152 1035 1292 1093">
     <span class='ocr_line' id='line_1_12' title="bbox 152 1035 1292 1093; baseline 0.004 -16"><span class='ocrx_word' id='word_1_67' title='bbox 152 1038 201 1077; x_wconf 93' lang='lat' dir='ltr'><strong>tu</strong></span> <span class='ocrx_word' id='word_1_68' title='bbox 230 1035 356 1078; x_wconf 93' lang='lat' dir='ltr'><strong>modo</strong></span> <span class='ocrx_word' id='word_1_69' title='bbox 386 1036 580 1093; x_wconf 80' lang='lat' dir='ltr'><strong>deliciae,</strong></span> <span class='ocrx_word' id='word_1_70' title='bbox 611 1038 760 1080; x_wconf 82' lang='lat' dir='ltr'><strong>dulces</strong></span> <span class='ocrx_word' id='word_1_71' title='bbox 787 1038 914 1080; x_wconf 88' lang='lat' dir='ltr'><strong>modo</strong></span> <span class='ocrx_word' id='word_1_72' title='bbox 944 1043 1118 1093; x_wconf 87' lang='lat' dir='ltr'><strong>pectore</strong></span> <span class='ocrx_word' id='word_1_73' title='bbox 1148 1052 1292 1082; x_wconf 88' lang='lat' dir='ltr'><strong>curae.</strong></span> 
     </span>
    </p>

    <p class='ocr_par' dir='ltr' id='par_1_9' title="bbox 152 1108 1577 1305">
     <span class='ocr_line' id='line_1_13' title="bbox 152 1108 1577 1164; baseline 0.006 -16"><span class='ocrx_word' id='word_1_74' title='bbox 152 1120 237 1149; x_wconf 91' lang='lat' dir='ltr'><strong>non</strong></span> <span class='ocrx_word' id='word_1_75' title='bbox 267 1112 310 1149; x_wconf 87' lang='lat' dir='ltr'><strong>te</strong></span> <span class='ocrx_word' id='word_1_76' title='bbox 341 1108 595 1150; x_wconf 80' lang='lat' dir='ltr'><strong>barbaricae</strong></span> <span class='ocrx_word' id='word_1_77' title='bbox 624 1110 826 1151; x_wconf 85' lang='lat' dir='ltr'><strong>uersabat</strong></span> <span class='ocrx_word' id='word_1_78' title='bbox 856 1111 982 1152; x_wconf 89' lang='lat' dir='ltr'><strong>turbo</strong></span> <span class='ocrx_word' id='word_1_79' title='bbox 1011 1114 1214 1164; x_wconf 76' lang='lat' dir='ltr'><strong>catastae,</strong></span> <span class='ocrx_word' id='word_1_80' title='bbox 1532 1122 1577 1156; x_wconf 74' lang='grc'><strong>72</strong></span> 
     </span>
     <span class='ocr_line' id='line_1_14' title="bbox 153 1179 1233 1226; baseline 0.004 -6"><span class='ocrx_word' id='word_1_81' title='bbox 153 1190 233 1226; x_wconf 81' lang='lat' dir='ltr'><strong>nec</strong></span> <span class='ocrx_word' id='word_1_82' title='bbox 262 1179 422 1221; x_wconf 80' lang='lat' dir='ltr'><strong>mixtus</strong></span> <span class='ocrx_word' id='word_1_83' title='bbox 451 1179 625 1221; x_wconf 85' lang='lat' dir='ltr'><strong>Phariis</strong></span> <span class='ocrx_word' id='word_1_84' title='bbox 656 1180 820 1222; x_wconf 83' lang='lat' dir='ltr'><strong>uenalis</strong></span> <span class='ocrx_word' id='word_1_85' title='bbox 850 1182 1064 1223; x_wconf 82' lang='lat' dir='ltr'><strong>mercibus</strong></span> <span class='ocrx_word' id='word_1_86' title='bbox 1095 1183 1233 1224; x_wconf 86' lang='lat' dir='ltr'><strong>infans</strong></span> 
     </span>
     <span class='ocr_line' id='line_1_15' title="bbox 153 1250 1310 1305; baseline 0.004 -15"><span class='ocrx_word' id='word_1_87' title='bbox 153 1250 489 1303; x_wconf 86' lang='lat' dir='ltr'><strong>compositosque</strong></span> <span class='ocrx_word' id='word_1_88' title='bbox 518 1250 630 1293; x_wconf 86' lang='lat' dir='ltr'><strong>sales</strong></span> <span class='ocrx_word' id='word_1_89' title='bbox 660 1251 949 1305; x_wconf 85' lang='lat' dir='ltr'><strong>meditataque</strong></span> <span class='ocrx_word' id='word_1_90' title='bbox 979 1254 1115 1295; x_wconf 89' lang='lat' dir='ltr'><strong>uerba</strong></span> <span class='ocrx_word' id='word_1_91' title='bbox 1144 1253 1310 1296; x_wconf 85' lang='lat' dir='ltr'><strong>locutus</strong></span> 
     </span>
    </p>

    <p class='ocr_par' dir='ltr' id='par_1_10' title="bbox 154 1320 1167 1378">
     <span class='ocr_line' id='line_1_16' title="bbox 154 1320 1167 1378; baseline 0.005 -17"><span class='ocrx_word' id='word_1_92' title='bbox 154 1320 353 1374; x_wconf 72' lang='lat' dir='ltr'><strong>quaesisti</strong></span> <span class='ocrx_word' id='word_1_93' title='bbox 384 1320 568 1363; x_wconf 88' lang='lat' dir='ltr'><strong>lasciuus</strong></span> <span class='ocrx_word' id='word_1_94' title='bbox 599 1335 723 1364; x_wconf 87' lang='lat' dir='ltr'><strong>erum</strong></span> <span class='ocrx_word' id='word_1_95' title='bbox 753 1323 961 1376; x_wconf 85' lang='lat' dir='ltr'><strong>tardeque</strong></span> <span class='ocrx_word' id='word_1_96' title='bbox 991 1325 1167 1378; x_wconf 84' lang='lat' dir='ltr'><strong>parasti.</strong></span> 
     </span>
    </p>

    <p class='ocr_par' dir='ltr' id='par_1_11' title="bbox 151 1389 1580 1523">
     <span class='ocr_line' id='line_1_17' title="bbox 151 1389 1580 1448; baseline 0.003 -17"><span class='ocrx_word' id='word_1_97' title='bbox 151 1391 222 1432; x_wconf 89' lang='lat' dir='ltr'><strong>hic</strong></span> <span class='ocrx_word' id='word_1_98' title='bbox 252 1389 416 1442; x_wconf 86' lang='lat' dir='ltr'><strong>domus,</strong></span> <span class='ocrx_word' id='word_1_99' title='bbox 448 1392 546 1433; x_wconf 86' lang='lat' dir='ltr'><strong>hinc</strong></span> <span class='ocrx_word' id='word_1_100' title='bbox 576 1395 709 1447; x_wconf 67' lang='lat' dir='ltr'><strong>ortus,</strong></span> <span class='ocrx_word' id='word_1_101' title='bbox 739 1392 985 1447; x_wconf 89' lang='lat' dir='ltr'><strong>dominique</strong></span> <span class='ocrx_word' id='word_1_102' title='bbox 1015 1396 1238 1448; x_wconf 86' lang='lat' dir='ltr'><strong>penatibus</strong></span> <span class='ocrx_word' id='word_1_103' title='bbox 1268 1396 1372 1437; x_wconf 88' lang='lat' dir='ltr'><strong>olim</strong></span> <span class='ocrx_word' id='word_1_104' title='bbox 1534 1408 1580 1443; x_wconf 82' lang='lat'><strong>76</strong></span> 
     </span>
     <span class='ocr_line' id='line_1_18' title="bbox 152 1464 1360 1523; baseline 0.003 -20"><span class='ocrx_word' id='word_1_105' title='bbox 152 1474 278 1503; x_wconf 85' lang='lat' dir='ltr'><strong>carus</strong></span> <span class='ocrx_word' id='word_1_106' title='bbox 309 1464 490 1515; x_wconf 88' lang='lat' dir='ltr'><strong>uterque</strong></span> <span class='ocrx_word' id='word_1_107' title='bbox 505 1474 679 1517; x_wconf 63' lang='lat' dir='ltr'><strong>parens</strong></span> <span class='ocrx_word' id='word_1_108' title='bbox 710 1467 838 1517; x_wconf 88' lang='lat' dir='ltr'><strong>atque</strong></span> <span class='ocrx_word' id='word_1_109' title='bbox 867 1465 915 1506; x_wconf 85' lang='lat' dir='ltr'><strong>in</strong></span> <span class='ocrx_word' id='word_1_110' title='bbox 944 1469 1018 1506; x_wconf 90' lang='lat' dir='ltr'><strong>tua</strong></span> <span class='ocrx_word' id='word_1_111' title='bbox 1048 1465 1205 1519; x_wconf 83' lang='lat' dir='ltr'><strong>gaudia</strong></span> <span class='ocrx_word' id='word_1_112' title='bbox 1234 1466 1360 1523; x_wconf 81' lang='lat' dir='ltr'><strong>liber,</strong></span> 
     </span>
    </p>
   </div>
   <div class='ocr_carea' id='block_1_6' title="bbox 93 1536 1307 1590">
    <p class='ocr_par' dir='ltr' id='par_1_12' title="bbox 93 1536 1307 1590">
     <span class='ocr_line' id='line_1_19' title="bbox 93 1536 1307 1590; baseline 0.002 -14"><span class='ocrx_word' id='word_1_113' title='bbox 93 1573 98 1576; x_wconf 89' lang='lat'>.</span> <span class='ocrx_word' id='word_1_114' title='bbox 152 1545 206 1575; x_wconf 88' lang='lat' dir='ltr'><strong>ue</strong></span> <span class='ocrx_word' id='word_1_115' title='bbox 237 1545 466 1586; x_wconf 84' lang='lat' dir='ltr'><strong>quererere</strong></span> <span class='ocrx_word' id='word_1_116' title='bbox 495 1547 643 1588; x_wconf 85' lang='lat' dir='ltr'><strong>genus.</strong></span> <span class='ocrx_word' id='word_1_117' title='bbox 675 1539 849 1589; x_wconf 83' lang='lat' dir='ltr'><strong>raptum</strong></span> <span class='ocrx_word' id='word_1_118' title='bbox 878 1536 954 1578; x_wconf 89' lang='lat' dir='ltr'><strong>sed</strong></span> <span class='ocrx_word' id='word_1_119' title='bbox 984 1538 1177 1590; x_wconf 88' lang='lat' dir='ltr'><strong>protinus</strong></span> <span class='ocrx_word' id='word_1_120' title='bbox 1207 1537 1307 1578; x_wconf 88' lang='lat' dir='ltr'><strong>aluo</strong></span> 
     </span>
    </p>
   </div>
   <div class='ocr_carea' id='block_1_7' title="bbox 151 1603 1579 2017">
    <p class='ocr_par' dir='ltr' id='par_1_13' title="bbox 152 1603 1109 1659">
     <span class='ocr_line' id='line_1_20' title="bbox 152 1603 1109 1659; baseline 0.005 -15"><span class='ocrx_word' id='word_1_121' title='bbox 152 1603 323 1645; x_wconf 86' lang='lat' dir='ltr'><strong>sustulit</strong></span> <span class='ocrx_word' id='word_1_122' title='bbox 351 1604 549 1646; x_wconf 86' lang='lat' dir='ltr'><strong>exultans</strong></span> <span class='ocrx_word' id='word_1_123' title='bbox 579 1618 629 1646; x_wconf 87' lang='lat' dir='ltr'><strong>ac</strong></span> <span class='ocrx_word' id='word_1_124' title='bbox 660 1607 803 1659; x_wconf 86' lang='lat' dir='ltr'><strong>prima</strong></span> <span class='ocrx_word' id='word_1_125' title='bbox 832 1607 976 1648; x_wconf 86' lang='lat' dir='ltr'><strong>lucida</strong></span> <span class='ocrx_word' id='word_1_126' title='bbox 1005 1620 1109 1650; x_wconf 88' lang='lat' dir='ltr'><strong>uoce</strong></span> 
     </span>
    </p>

    <p class='ocr_par' dir='ltr' id='par_1_14' title="bbox 153 1674 1579 1803">
     <span class='ocr_line' id='line_1_21' title="bbox 153 1674 1579 1730; baseline 0.007 -16"><span class='ocrx_word' id='word_1_127' title='bbox 153 1677 272 1716; x_wconf 82' lang='lat' dir='ltr'><strong>astra</strong></span> <span class='ocrx_word' id='word_1_128' title='bbox 299 1674 559 1716; x_wconf 85' lang='lat' dir='ltr'><strong>salutantem</strong></span> <span class='ocrx_word' id='word_1_129' title='bbox 589 1674 788 1718; x_wconf 88' lang='lat' dir='ltr'><strong>dominus</strong></span> <span class='ocrx_word' id='word_1_130' title='bbox 817 1677 897 1719; x_wconf 85' lang='lat' dir='ltr'><strong>sibi</strong></span> <span class='ocrx_word' id='word_1_131' title='bbox 928 1681 1069 1720; x_wconf 78' lang='lat' dir='ltr'><strong>mente</strong></span> <span class='ocrx_word' id='word_1_132' title='bbox 1098 1678 1273 1730; x_wconf 89' lang='lat' dir='ltr'><strong>dicauit,</strong></span> <span class='ocrx_word' id='word_1_133' title='bbox 1532 1690 1579 1725; x_wconf 81' lang='lat'><strong>80</strong></span> 
     </span>
     <span class='ocr_line' id='line_1_22' title="bbox 154 1743 1228 1803; baseline 0.005 -17"><span class='ocrx_word' id='word_1_134' title='bbox 154 1743 463 1798; x_wconf 81' lang='lat' dir='ltr'><strong>amplexusque</strong></span> <span class='ocrx_word' id='word_1_135' title='bbox 493 1746 590 1786; x_wconf 86' lang='lat' dir='ltr'><strong>sinu</strong></span> <span class='ocrx_word' id='word_1_136' title='bbox 621 1746 719 1788; x_wconf 90' lang='lat' dir='ltr'><strong>tulit</strong></span> <span class='ocrx_word' id='word_1_137' title='bbox 748 1751 792 1789; x_wconf 87' lang='lat' dir='ltr'><strong>et</strong></span> <span class='ocrx_word' id='word_1_138' title='bbox 820 1749 1015 1802; x_wconf 83' lang='lat' dir='ltr'><strong>genuisse</strong></span> <span class='ocrx_word' id='word_1_139' title='bbox 1046 1749 1228 1803; x_wconf 85' lang='lat' dir='ltr'><strong>putauit.</strong></span> 
     </span>
    </p>

    <p class='ocr_par' dir='ltr' id='par_1_15' title="bbox 152 1813 1247 1874">
     <span class='ocr_line' id='line_1_23' title="bbox 152 1813 1247 1874; baseline 0.005 -19"><span class='ocrx_word' id='word_1_140' title='bbox 152 1813 216 1856; x_wconf 78' lang='lat' dir='ltr'><strong>fas</strong></span> <span class='ocrx_word' id='word_1_141' title='bbox 244 1815 353 1856; x_wconf 90' lang='lat' dir='ltr'><strong>mihi</strong></span> <span class='ocrx_word' id='word_1_142' title='bbox 383 1820 627 1859; x_wconf 84' lang='lat' dir='ltr'><strong>sanctorum</strong></span> <span class='ocrx_word' id='word_1_143' title='bbox 657 1819 784 1860; x_wconf 91' lang='lat' dir='ltr'><strong>uenia</strong></span> <span class='ocrx_word' id='word_1_144' title='bbox 812 1818 970 1862; x_wconf 81' lang='lat' dir='ltr'><strong>dixisse</strong></span> <span class='ocrx_word' id='word_1_145' title='bbox 1001 1824 1247 1874; x_wconf 82' lang='lat' dir='ltr'><strong>parentum,</strong></span> 
     </span>
    </p>

    <p class='ocr_par' dir='ltr' id='par_1_16' title="bbox 152 1887 1336 1945">
     <span class='ocr_line' id='line_1_24' title="bbox 152 1887 1336 1945; baseline 0.005 -19"><span class='ocrx_word' id='word_1_146' title='bbox 152 1889 283 1939; x_wconf 88' lang='lat' dir='ltr'><strong>tuque</strong></span> <span class='ocrx_word' id='word_1_147' title='bbox 314 1899 405 1941; x_wconf 85' lang='lat' dir='ltr'><strong>oro,</strong></span> <span class='ocrx_word' id='word_1_148' title='bbox 431 1887 617 1940; x_wconf 86' lang='lat' dir='ltr'><strong>Natura,</strong></span> <span class='ocrx_word' id='word_1_149' title='bbox 648 1889 774 1941; x_wconf 84' lang='lat' dir='ltr'><strong>sinas,</strong></span> <span class='ocrx_word' id='word_1_150' title='bbox 806 1891 875 1931; x_wconf 92' lang='lat' dir='ltr'><strong>cui</strong></span> <span class='ocrx_word' id='word_1_151' title='bbox 904 1892 1048 1944; x_wconf 87' lang='lat' dir='ltr'><strong>prima</strong></span> <span class='ocrx_word' id='word_1_152' title='bbox 1077 1903 1157 1945; x_wconf 88' lang='lat' dir='ltr'><strong>per</strong></span> <span class='ocrx_word' id='word_1_153' title='bbox 1186 1892 1336 1934; x_wconf 87' lang='lat' dir='ltr'><strong>orbem</strong></span> 
     </span>
    </p>

    <p class='ocr_par' dir='ltr' id='par_1_17' title="bbox 151 1956 1576 2017">
     <span class='ocr_line' id='line_1_25' title="bbox 151 1956 1576 2017; baseline 0.008 -20"><span class='ocrx_word' id='word_1_154' title='bbox 151 1956 249 1998; x_wconf 85' lang='lat' dir='ltr'><strong>iura</strong></span> <span class='ocrx_word' id='word_1_155' title='bbox 278 1957 430 1998; x_wconf 89' lang='lat' dir='ltr'><strong>animis</strong></span> <span class='ocrx_word' id='word_1_156' title='bbox 459 1959 627 2001; x_wconf 87' lang='lat' dir='ltr'><strong>sancire</strong></span> <span class='ocrx_word' id='word_1_157' title='bbox 656 1959 818 2002; x_wconf 86' lang='lat' dir='ltr'><strong>datum:</strong></span> <span class='ocrx_word' id='word_1_158' title='bbox 851 1973 936 2002; x_wconf 86' lang='lat' dir='ltr'><strong>non</strong></span> <span class='ocrx_word' id='word_1_159' title='bbox 965 1963 1107 2003; x_wconf 89' lang='lat' dir='ltr'><strong>omnia</strong></span> <span class='ocrx_word' id='word_1_160' title='bbox 1137 1964 1311 2017; x_wconf 83' lang='lat' dir='ltr'><strong>sanguis</strong></span> <span class='ocrx_word' id='word_1_161' title='bbox 1530 1974 1576 2008; x_wconf 79' lang='lat'><strong>84</strong></span> 
     </span>
    </p>
   </div>
   <div class='ocr_carea' id='block_1_8' title="bbox 157 2034 436 2041">
    <p class='ocr_par' dir='ltr' id='par_1_18' title="bbox 157 2034 436 2041">
     <span class='ocr_line' id='line_1_26' title="bbox 157 2034 436 2041; baseline 0 0"><span class='ocrx_word' id='word_1_162' title='bbox 157 2034 436 2041; x_wconf 95' lang='lat' dir='ltr'><strong> </strong></span> 
     </span>
    </p>
   </div>
   <div class='ocr_carea' id='block_1_9' title="bbox 151 2062 1583 2467">
    <p class='ocr_par' dir='ltr' id='par_1_19' title="bbox 151 2062 1583 2406">
     <span class='ocr_line' id='line_1_27' title="bbox 248 2062 1580 2113; baseline 0.005 -16"><span class='ocrx_word' id='word_1_163' title='bbox 248 2062 294 2097; x_wconf 84' lang='lat'><strong>63</strong></span> <span class='ocrx_word' id='word_1_164' title='bbox 318 2062 476 2113; x_wconf 80' lang='lat' dir='ltr'><strong>impositi</strong></span> <span class='ocrx_word' id='word_1_165' title='bbox 502 2062 695 2108; x_wconf 75' lang='lat' dir='ltr'><strong>Schrader,</strong></span> <span class='ocrx_word' id='word_1_166' title='bbox 729 2066 896 2109; x_wconf 84' lang='lat' dir='ltr'><strong>imposito</strong></span> <span class='ocrx_word' id='word_1_167' title='bbox 927 2066 1071 2102; x_wconf 84' lang='lat' dir='ltr'><strong>Waller</strong></span> <span class='ocrx_word' id='word_1_168' title='bbox 1190 2069 1235 2103; x_wconf 77' lang='lat'><strong>64</strong></span> <span class='ocrx_word' id='word_1_169' title='bbox 1261 2068 1452 2103; x_wconf 83' lang='lat' dir='ltr'><strong>renouabit</strong></span> <span class='ocrx_word' id='word_1_170' title='bbox 1482 2068 1580 2112; x_wconf 75' lang='lat' dir='ltr'><strong>(scil.</strong></span> 
     </span>
     <span class='ocr_line' id='line_1_28' title="bbox 153 2121 1582 2172; baseline 0.005 -17"><span class='ocrx_word' id='word_1_171' title='bbox 153 2121 278 2156; x_wconf 78' lang='lat' dir='ltr'><strong>oscula</strong></span> <span class='ocrx_word' id='word_1_172' title='bbox 321 2121 421 2166; x_wconf 73' lang='lat' dir='ltr'><strong>ipsos</strong></span> <span class='ocrx_word' id='word_1_173' title='bbox 463 2122 514 2156; x_wconf 84' lang='lat' dir='ltr'><strong>ad</strong></span> <span class='ocrx_word' id='word_1_174' title='bbox 541 2127 688 2167; x_wconf 77' lang='lat' dir='ltr'><strong>postes)</strong></span> <span class='ocrx_word' id='word_1_175' title='bbox 728 2125 874 2170; x_wconf 76' lang='lat' dir='ltr'><strong>scripsi,</strong></span> <span class='ocrx_word' id='word_1_176' title='bbox 918 2127 1106 2162; x_wconf 85' lang='lat' dir='ltr'><strong>reuocabit</strong></span> <span class='ocrx_word' id='word_1_177' title='bbox 1135 2127 1185 2162; x_wconf 85' lang='grc' dir='ltr'>Μ</span> <span class='ocrx_word' id='word_1_178' title='bbox 1326 2129 1442 2172; x_wconf 84' lang='lat' dir='ltr'><strong>adque</strong></span> <span class='ocrx_word' id='word_1_179' title='bbox 1486 2129 1582 2171; x_wconf 84' lang='lat' dir='ltr'><strong>ipsos</strong></span> 
     </span>
     <span class='ocr_line' id='line_1_29' title="bbox 152 2179 1581 2229; baseline 0.006 -15"><span class='ocrx_word' id='word_1_180' title='bbox 152 2190 270 2216; x_wconf 83' lang='lat' dir='ltr'><strong>reuoc.</strong></span> <span class='ocrx_word' id='word_1_181' title='bbox 294 2179 394 2225; x_wconf 71' lang='lat' dir='ltr'><em>Pol„</em></span> <span class='ocrx_word' id='word_1_182' title='bbox 430 2191 523 2226; x_wconf 88' lang='lat' dir='ltr'><strong>aque</strong></span> <span class='ocrx_word' id='word_1_183' title='bbox 559 2183 636 2226; x_wconf 87' lang='lat' dir='ltr'><strong>ipso</strong></span> <span class='ocrx_word' id='word_1_184' title='bbox 674 2189 968 2229; x_wconf 61' lang='lat' dir='ltr'><strong>renum—poste</strong></span> <span class='ocrx_word' id='word_1_185' title='bbox 994 2197 1019 2227; x_wconf 81' lang='grc' dir='ltr'>ς</span> <span class='ocrx_word' id='word_1_186' title='bbox 1161 2187 1218 2221; x_wconf 81' lang='grc'><strong>64.</strong></span> <span class='ocrx_word' id='word_1_187' title='bbox 1251 2187 1297 2221; x_wconf 84' lang='lat'><strong>65</strong></span> <span class='ocrx_word' id='word_1_188' title='bbox 1335 2188 1371 2221; x_wconf 92' lang='lat' dir='ltr'><strong>in</strong></span> <span class='ocrx_word' id='word_1_189' title='bbox 1398 2189 1581 2222; x_wconf 85' lang='lat' dir='ltr'><strong>oscula—</strong></span> 
     </span>
     <span class='ocr_line' id='line_1_30' title="bbox 152 2238 1582 2290; baseline 0.005 -16"><span class='ocrx_word' id='word_1_190' title='bbox 152 2240 198 2274; x_wconf 80' lang='lat' dir='ltr'><strong>ad</strong></span> <span class='ocrx_word' id='word_1_191' title='bbox 224 2238 289 2275; x_wconf 72' lang='lat' dir='ltr'><strong>ora</strong></span> <span class='ocrx_word' id='word_1_192' title='bbox 312 2239 492 2286; x_wconf 61' lang='lat' dir='ltr'><strong>Poatqate</strong></span> <span class='ocrx_word' id='word_1_193' title='bbox 635 2243 680 2278; x_wconf 90' lang='lat'><strong>67</strong></span> <span class='ocrx_word' id='word_1_194' title='bbox 707 2244 854 2288; x_wconf 84' lang='lat' dir='ltr'><strong>squalor</strong></span> <span class='ocrx_word' id='word_1_195' title='bbox 877 2244 1022 2289; x_wconf 76' lang='lat' dir='ltr'><strong>scripsi,</strong></span> <span class='ocrx_word' id='word_1_196' title='bbox 1046 2244 1165 2280; x_wconf 77' lang='lat' dir='ltr'><strong>fateor</strong></span> <span class='ocrx_word' id='word_1_197' title='bbox 1189 2245 1246 2289; x_wconf 77' lang='lat' dir='ltr'><strong>M,</strong></span> <span class='ocrx_word' id='word_1_198' title='bbox 1265 2246 1405 2289; x_wconf 82' lang='lat' dir='ltr'><strong>pariter</strong></span> <span class='ocrx_word' id='word_1_199' title='bbox 1428 2246 1582 2290; x_wconf 68' lang='lat' dir='ltr'><strong>Mar-kl„</strong></span> 
     </span>
     <span class='ocr_line' id='line_1_31' title="bbox 152 2298 1582 2349; baseline 0.006 -17"><span class='ocrx_word' id='word_1_200' title='bbox 152 2299 264 2333; x_wconf 70' lang='lat' dir='ltr'><strong>statio</strong></span> <span class='ocrx_word' id='word_1_201' title='bbox 290 2298 336 2334; x_wconf 84' lang='lat' dir='ltr'><strong>R.</strong></span> <span class='ocrx_word' id='word_1_202' title='bbox 369 2299 504 2346; x_wconf 72' lang='lat' dir='ltr'><strong>Vnyer,</strong></span> <span class='ocrx_word' id='word_1_203' title='bbox 548 2305 625 2336; x_wconf 85' lang='lat' dir='ltr'><strong>stat</strong></span> <span class='ocrx_word' id='word_1_204' title='bbox 651 2313 711 2336; x_wconf 78' lang='lat' dir='ltr'><strong>ero</strong></span> <span class='ocrx_word' id='word_1_205' title='bbox 737 2301 937 2346; x_wconf 72' lang='lat' dir='ltr'><strong>Baehrens,</strong></span> <span class='ocrx_word' id='word_1_206' title='bbox 973 2308 1108 2339; x_wconf 84' lang='lat' dir='ltr'><strong>mussat</strong></span> <span class='ocrx_word' id='word_1_207' title='bbox 1137 2303 1331 2339; x_wconf 70' lang='lat' dir='ltr'><strong>Housman</strong></span> <span class='ocrx_word' id='word_1_208' title='bbox 1428 2305 1473 2340; x_wconf 85' lang='lat'><strong>69</strong></span> <span class='ocrx_word' id='word_1_209' title='bbox 1500 2306 1582 2349; x_wconf 89' lang='lat' dir='ltr'><strong>plus</strong></span> 
     </span>
     <span class='ocr_line' id='line_1_32' title="bbox 151 2356 1583 2406; baseline 0.006 -15"><span class='ocrx_word' id='word_1_210' title='bbox 151 2356 209 2401; x_wconf 75' lang='lat' dir='ltr'><strong>M,</strong></span> <span class='ocrx_word' id='word_1_211' title='bbox 233 2368 326 2393; x_wconf 79' lang='lat' dir='ltr'><strong>corr.</strong></span> <span class='ocrx_word' id='word_1_212' title='bbox 351 2357 436 2394; x_wconf 90' lang='lat' dir='ltr'><strong>Pol.</strong></span> <span class='ocrx_word' id='word_1_213' title='bbox 584 2362 680 2396; x_wconf 82' lang='lat' dir='ltr'><strong>alter</strong></span> <span class='ocrx_word' id='word_1_214' title='bbox 703 2362 761 2406; x_wconf 88' lang='grc' dir='ltr'><strong>Μ,</strong></span> <span class='ocrx_word' id='word_1_215' title='bbox 786 2373 880 2397; x_wconf 85' lang='lat' dir='ltr'><strong>corr.</strong></span> <span class='ocrx_word' id='word_1_216' title='bbox 907 2362 1015 2398; x_wconf 84' lang='lat' dir='ltr'><strong>Dom.</strong></span> <span class='ocrx_word' id='word_1_217' title='bbox 1131 2365 1170 2398; x_wconf 78' lang='lat'><strong>71</strong></span> <span class='ocrx_word' id='word_1_218' title='bbox 1196 2364 1450 2400; x_wconf 83' lang='lat' dir='ltr'><strong>dulcis—cura</strong></span> <span class='ocrx_word' id='word_1_219' title='bbox 1473 2364 1583 2400; x_wconf 82' lang='lat' dir='ltr'><strong>Elter</strong></span> 
     </span>
    </p>

    <p class='ocr_par' dir='ltr' id='par_1_20' title="bbox 247 2416 1444 2467">
     <span class='ocr_line' id='line_1_33' title="bbox 247 2416 1444 2467; baseline 0.006 -16"><span class='ocrx_word' id='word_1_220' title='bbox 247 2416 294 2452; x_wconf 83' lang='lat'><strong>⁰72</strong></span> <span class='ocrx_word' id='word_1_221' title='bbox 318 2418 426 2453; x_wconf 81' lang='lat' dir='ltr'><strong>turbo</strong></span> <span class='ocrx_word' id='word_1_222' title='bbox 461 2419 584 2464; x_wconf 75' lang='lat' dir='ltr'><strong>MA*‚</strong></span> <span class='ocrx_word' id='word_1_223' title='bbox 621 2421 731 2457; x_wconf 86' lang='lat' dir='ltr'><strong>turba</strong></span> <span class='ocrx_word' id='word_1_224' title='bbox 754 2432 779 2455; x_wconf 84' lang='lat' dir='ltr'><strong>a</strong></span> <span class='ocrx_word' id='word_1_225' title='bbox 923 2423 968 2457; x_wconf 76' lang='lat'><strong>76</strong></span> <span class='ocrx_word' id='word_1_226' title='bbox 993 2423 1052 2458; x_wconf 87' lang='lat' dir='ltr'><strong>hic</strong></span> <span class='ocrx_word' id='word_1_227' title='bbox 1086 2423 1237 2467; x_wconf 74' lang='lat' dir='ltr'><strong>Krolm,</strong></span> <span class='ocrx_word' id='word_1_228' title='bbox 1276 2423 1369 2458; x_wconf 89' lang='lat' dir='ltr'><strong>Hinc</strong></span> <span class='ocrx_word' id='word_1_229' title='bbox 1392 2423 1444 2458; x_wconf 83' lang='lat' dir='ltr'><strong><em>M</em></strong></span> 
     </span>
    </p>
   </div>
   <div class='ocr_carea' id='block_1_10' title="bbox 142 2473 1581 2527">
    <p class='ocr_par' dir='ltr' id='par_1_21' title="bbox 142 2473 1581 2527">
     <span class='ocr_line' id='line_1_34' title="bbox 142 2473 1581 2527; baseline 0.006 -18"><span class='ocrx_word' id='word_1_230' title='bbox 142 2473 201 2510; x_wconf 21' lang='lat'><strong>⁷¹18</strong></span> <span class='ocrx_word' id='word_1_231' title='bbox 225 2484 398 2520; x_wconf 85' lang='lat' dir='ltr'><strong>quaerere</strong></span> <span class='ocrx_word' id='word_1_232' title='bbox 421 2477 478 2522; x_wconf 83' lang='lat' dir='ltr'><strong>M,</strong></span> <span class='ocrx_word' id='word_1_233' title='bbox 504 2488 597 2514; x_wconf 82' lang='lat' dir='ltr'><strong>corr.</strong></span> <span class='ocrx_word' id='word_1_234' title='bbox 624 2490 659 2513; x_wconf 84' lang='lat' dir='ltr'><strong>m</strong></span> <span class='ocrx_word' id='word_1_235' title='bbox 773 2481 835 2515; x_wconf 82' lang='lat' dir='ltr'><strong>sed</strong></span> <span class='ocrx_word' id='word_1_236' title='bbox 871 2480 928 2525; x_wconf 82' lang='lat' dir='ltr'><strong>M,</strong></span> <span class='ocrx_word' id='word_1_237' title='bbox 954 2485 991 2516; x_wconf 79' lang='lat' dir='ltr'><strong>te</strong></span> <span class='ocrx_word' id='word_1_238' title='bbox 1017 2492 1040 2523; x_wconf 83' lang='grc' dir='ltr'>ς</span> <span class='ocrx_word' id='word_1_239' title='bbox 1160 2482 1206 2517; x_wconf 88' lang='grc'><strong>83</strong></span> <span class='ocrx_word' id='word_1_240' title='bbox 1232 2492 1296 2516; x_wconf 90' lang='lat' dir='ltr'><strong>ora</strong></span> <span class='ocrx_word' id='word_1_241' title='bbox 1318 2481 1377 2527; x_wconf 80' lang='lat' dir='ltr'><strong>M,</strong></span> <span class='ocrx_word' id='word_1_242' title='bbox 1401 2491 1495 2517; x_wconf 84' lang='lat' dir='ltr'><strong>corr.</strong></span> <span class='ocrx_word' id='word_1_243' title='bbox 1521 2482 1581 2517; x_wconf 73' lang='grc' dir='ltr'><strong>Μ’</strong></span> 
     </span>
    </p>
   </div>
   <div class='ocr_carea' id='block_1_11' title="bbox 249 2534 1580 2585">
    <p class='ocr_par' dir='ltr' id='par_1_22' title="bbox 249 2534 1580 2585">
     <span class='ocr_line' id='line_1_35' title="bbox 249 2534 1580 2585; baseline 0.005 -16"><span class='ocrx_word' id='word_1_244' title='bbox 249 2534 295 2569; x_wconf 83' lang='grc'><strong>84</strong></span> <span class='ocrx_word' id='word_1_245' title='bbox 320 2536 459 2571; x_wconf 75' lang='lat' dir='ltr'><strong>animus</strong></span> <span class='ocrx_word' id='word_1_246' title='bbox 484 2537 540 2582; x_wconf 83' lang='lat' dir='ltr'><strong>M,</strong></span> <span class='ocrx_word' id='word_1_247' title='bbox 565 2548 658 2573; x_wconf 82' lang='lat' dir='ltr'><strong>corr.</strong></span> <span class='ocrx_word' id='word_1_248' title='bbox 685 2549 709 2580; x_wconf 79' lang='grc' dir='ltr'>ς</span> <span class='ocrx_word' id='word_1_249' title='bbox 828 2541 968 2575; x_wconf 82' lang='lat' dir='ltr'><strong>sancire</strong></span> <span class='ocrx_word' id='word_1_250' title='bbox 992 2540 1049 2585; x_wconf 75' lang='lat' dir='ltr'><strong>M,</strong></span> <span class='ocrx_word' id='word_1_251' title='bbox 1082 2551 1210 2576; x_wconf 79' lang='lat' dir='ltr'><strong>sanare</strong></span> <span class='ocrx_word' id='word_1_252' title='bbox 1246 2552 1281 2585; x_wconf 83' lang='lat' dir='ltr'><strong>a,</strong></span> <span class='ocrx_word' id='word_1_253' title='bbox 1308 2542 1445 2576; x_wconf 86' lang='lat' dir='ltr'><strong>sociare</strong></span> <span class='ocrx_word' id='word_1_254' title='bbox 1471 2540 1580 2577; x_wconf 85' lang='lat' dir='ltr'><em>Dom.</em></span> 
     </span>
    </p>
   </div>
  </div>
 </body>
</html>
