1872 2930
0 911 13 954 5

0 967 10 1024 ἱ

0 1049 7 1117 ἓ

563 233 882 277 81ΒῩΑΕἾΜ’
901 232 1010 276 LIB.
1043 234 1105 275 IV
1139 238 1166 276 4

147 381 194 420 te
222 389 391 432 quoque
422 376 639 418 clamosae
667 388 882 429 quaenam
912 375 1045 430 plaga
1073 377 1218 417 mitior
1250 377 1348 418 urbi
1413 397 1415 399 ·

142 447 388 492 abu-abit?
417 448 599 489 aestiuos
622 458 714 500 quo
743 446 906 501 decipis
936 452 1038 488 aere
1069 446 1202 489 soles?

147 519 255 574 quid
283 522 381 561 tuus
411 521 510 560 aute
541 519 694 570 omnis,
727 523 802 560 tua
829 532 938 560 cura
967 520 1200 573 potissima,
1233 519 1400 569 Gallus,

148 602 228 633 uec
250 587 343 632 'nou
371 593 516 632 noster
545 602 668 632 amor
698 590 894 645 (dubium
925 603 1151 632 morumne
1181 592 1424 645 probandus
1497 624 1499 626 v

147 661 364 717 ingeniine
394 660 560 715 bouis)‘?
588 661 722 702 Latiis
752 662 934 703 aestiuat
964 663 1007 702 in
1038 662 1141 703 oris·

147 743 265 774 mc
295 732 578 774 metalliferae
591 743 594 746 ·
609 733 766 786 repetit
795 733 883 773 iam
914 733 1082 774 moenia
1110 733 1256 774 Lunae

145 802 484 857 Tyrrhenasque
514 803 683 845 domos?
713 803 827 857 quod
857 804 893 844 si
925 804 1002 845 tibi
1030 804 1255 858 proximus
1285 805 1451 857 haeret,

146 886 235 916 nou
265 885 346 929 ego
374 887 491 916 nunc
520 878 666 916 uestro
693 875 845 929 procul
876 888 904 917 a
933 887 1128 916 sermone
1158 875 1327 930 recedo3

149 948 316 987 certum
346 948 423 998 est,
453 945 552 987 inde
582 958 709 987 sonus
739 946 933 1000 geminas
963 946 1072 986 mihi
1101 946 1298 987 circumit
1327 959 1468 990 aures,

145 1015 226 1058 aed
253 1018 316 1070 tu,
345 1015 449 1057 dum
478 1017 611 1058 nimio
640 1028 832 1070 possessa
862 1016 1113 1070 Hyperione
1139 1015 1307 1070 flagrat

149 1090 277 1129 torua
305 1084 506 1129 Cleonaei
537 1087 640 1128 iuba
667 1087 834 1137 sideris,
864 1099 976 1128 exue
1006 1088 1122 1128 curis

148 1161 298 1212 pectus
327 1162 372 1200 et
401 1158 571 1200 assiduo
598 1161 732 1199 temet
762 1158 911 1199 fiii-are
941 1158 1094 1201 labori.

150 1231 195 1270 et
222 1232 364 1271 sontes
393 1229 535 1284 operit
562 1231 791 1283 pharetras
821 1241 1056 1282 arcumque
1085 1230 1273 1271 retendit

149 1298 338 1340 Parthus
369 1304 413 1342 et
442 1300 560 1342 Eleis
591 1302 746 1355 auriga
775 1300 995 1341 laboribus
1025 1303 1141 1341 actos

149 1369 593 1426 Alpheopermulcet
622 1384 753 1425 equos
783 1374 826 1412 et
855 1375 1002 1412 nostra
1029 1372 1185 1412 fatiscit

149 1440 409 1494 laxaturque
439 1441 602 1495 chelys:
622 1442 750 1483 'uires
779 1442 954 1496 instigat
987 1441 1149 1496 alitque

148 1512 405 1566 tempestiua
436 1513 568 1565 quies,
599 1513 738 1553 maior
770 1516 866 1567 post
893 1513 981 1554 otia
1010 1514 1161 1555 uirtus.

147 1582 251 1624 talis
279 1586 454 1624 cantata
483 1583 678 1625 Briseide
707 1584 825 1625 uenit
857 1583 1054 1625 Achilles

148 1655 291 1696 aerior
321 1658 365 1696 et
393 1654 539 1708 positis
570 1655 714 1708 erupit
741 1655 787 1696 in
818 1655 1009 1696 Hectora
1030 1655 1219 1709 plectris.

146 1728 191 1767 te
221 1738 390 1780 quoque
422 1725 662 1767 flammabit
690 1726 818 1767 tacite
848 1727 1035 1780 repetita
1053 1739 1291 1780 parumper
1334 1726 1337 1731 ’

145 1795 311 1839 desidia
341 1799 384 1838 et
413 1796 558 1839 solitos
586 1809 721 1838 nouus
752 1797 964 1839 exultabis
989 1798 1042 1838 vin
1068 1801 1203 1840 actus,

143 1870 264 1909 certe
293 1867 382 1909 iam
412 1867 563 1909 Latiae
592 1880 678 1909 uon
709 1869 888 1909 miscent
916 1869 1061 1922 iurgia
1090 1868 1221 1923 leges,

145 1940 193 1980 et
220 1942 372 1993 pacem
402 1939 527 1993 piger
559 1952 692 1980 annus
722 1939 852 1981 habet
885 1952 1123 1994 messesque
1157 1953 1358 1982 reuersae

143 2009 350 2051 dimisere
381 2009 535 2051 forum.
568 2022 647 2052 nec
675 2011 765 2051 iam
795 2011 874 2052 tibi
903 2011 1033 2052 turba
1062 2023 1235 2052 reorum

146 2080 358 2122 uestibulo
389 2081 644 2135 querulique
674 2085 828 2136 rogant
857 2082 980 2123 exire
1010 2082 1201 2135 cliente83
1233 2076 1237 2080 ’

1496 239 1580 279 139

1534 533 1581 568 20

1532 817 1580 851 24

1530 1384 1577 1418 32

1529 1667 1576 1701 36

1527 1952 1574 1986 40

245 2245 290 2282 18
314 2256 400 2282 num
424 2257 515 2293 quac
542 2245 741 2289 Baehrens,
767 2257 858 2292 quae
884 2247 956 2282 iam
982 2245 1068 2282 Otto
1164 2247 1285 2282 mitior
1308 2245 1575 2281 dubitationem

142 2303 269 2353 affert,
286 2305 411 2352 possis
435 2307 565 2341 laetior
638 2344 641 2345 ⁷
686 2306 731 2341 22
756 2306 938 2350 Ingeniiue
965 2305 1022 2349 M,
1049 2317 1142 2341 corr.
1169 2306 1208 2341 A
1306 2305 1351 2340 30
1376 2306 1494 2355 aperit
1516 2304 1574 2348 M,

146 2375 242 2412 corr.
265 2376 290 2407 ς
384 2365 431 2401 32
457 2366 616 2411 Alpheos
641 2365 699 2408 M,
724 2376 817 2402 corr.
843 2377 866 2408 ς
898 2366 967 2410 (cf.
996 2364 1131 2401 Catull.
1163 2367 1221 2408 64,
1256 2367 1347 2410 162)
1442 2364 1488 2399 36
1513 2375 1574 2410 po-

143 2425 212 2473 §ijs
236 2423 295 2468 Μ,
321 2435 414 2462 corr.
440 2436 463 2467 ς
577 2425 623 2460 38
648 2426 781 2462 solidos
807 2424 865 2468 M,
891 2436 983 2461 corr.
1011 2436 1034 2467 ς
1149 2426 1194 2466 40
1220 2422 1324 2459 labet
1342 2423 1399 2467 M,
1431 2434 1525 2459 corr.
1551 2435 1574 2466 ς

243 2483 289 2518 42
314 2488 448 2528 negant
477 2484 674 2520 Burmann

1366 2565 1430 2599 10*
