1872 2930
604 236 910 280 SILVARVM
939 237 1049 279 LIB.
1083 238 1104 278 I
1138 242 1161 280 3
1547 244 1600 283 29

174 380 285 421 tecta
314 390 393 433 per
423 380 466 419 et
496 380 635 432 postes
664 377 847 431 liquidas
878 379 1062 433 emergis
1092 380 1137 420 in
1168 372 1307 431 auras,
1556 393 1602 427 60

173 460 259 502 quo
290 461 374 490 non
403 448 480 490 sub
511 448 679 489 domino
709 460 858 490 saeuas
887 461 1067 502 passura
1097 450 1322 503 bipennes?

172 523 220 561 at
250 531 363 562 nunc
393 520 489 573 igne
520 521 640 560 atrae
670 519 812 560 forsan
842 518 913 560 uel
944 518 1111 561 lubrica
1141 519 1248 562 Nais

174 590 246 633 uel
277 603 360 632 non
391 591 592 644 abruptos
622 589 700 631 tibi
729 589 852 632 debet
882 590 1155 644 Hamadryas
1187 604 1327 635 annos⁸

263 659 377 715 Quid
406 661 592 703 referam
624 661 812 703 alternas
832 661 1000 715 gemino
1017 674 1150 715 super
1171 675 1329 717 aggere
1352 675 1518 704 mensas
1553 675 1598 709 64

171 732 446 787 alyentesque
476 732 593 773 lacus
621 732 812 785 altosque
843 733 886 773 in
917 734 1087 787 gurgite
1117 733 1252 774 fontes

156 807 312 858 teque,
344 816 424 858 per
453 804 673 857 obliquum
706 805 871 858 penitus
904 816 1012 857 quae
1044 803 1202 846 laberis
1233 817 1415 858 amnem,

170 873 351 926 Marcia,
385 879 428 916 et
458 874 608 916 audaci
641 875 896 916 transcurris
928 874 1105 915 flumina
1135 875 1324 929 plumb0‚

169 958 224 988 ne
253 946 389 987 solum
422 947 550 988 Ioniis
579 947 657 988 sub
688 947 883 989 fluctibus
913 946 1050 987 Elidis
1082 959 1251 988 amnem
1551 959 1597 992 68

168 1016 308 1058 dulcis
338 1016 392 1058 ad
423 1017 639 1059 Aetnaeos
669 1017 851 1058 deducat
880 1018 1031 1059 semita
1062 1016 1231 1071 portus?

164 1087 266 1130 imis
296 1088 388 1142 ipse
421 1089 552 1129 antris
583 1088 722 1130 Anien
755 1090 797 1129 et
827 1088 940 1129 fonte
970 1087 1122 1129 relicto

167 1163 290 1201 nocte
321 1160 398 1202 sub
429 1172 599 1211 arcana,
632 1159 804 1214 glaucos
836 1163 988 1201 exutus
1020 1160 1199 1200 amictus

165 1230 250 1272 huc
281 1229 384 1272 illuc
415 1231 562 1286 fragili
593 1231 825 1284 prosternit
855 1234 1030 1285 pectora
1060 1244 1217 1282 musco,
1549 1244 1593 1278 72

164 1304 238 1342 aut
268 1301 418 1356 ingens
448 1302 491 1343 in
521 1305 671 1356 stagna
702 1301 815 1344 cadit
846 1303 1091 1355 uit-reasque
1121 1306 1269 1343 natatu

162 1371 331 1427 plaudit
361 1384 505 1426 aquas.
539 1372 617 1413 illa
648 1374 827 1415 recubat
857 1373 1073 1415 Tiburnus
1104 1373 1150 1413 in
1181 1375 1348 1426 umbra,

163 1442 254 1485 illic
285 1443 508 1498 sulpureos
539 1445 656 1497 cupit
687 1443 851 1486 Albula
881 1456 1079 1498 mergere
1110 1445 1262 1498 crines,

160 1514 269 1556 haec
300 1513 450 1555 domus
481 1515 665 1568 Egeriae
696 1514 961 1556 nemoralem
992 1515 1221 1569 abiungere
1246 1513 1455 1558 ‘Phoeben
1546 1529 1590 1563 76

157 1588 203 1626 et
233 1584 460 1639 Dryadum
491 1585 671 1627 niduare
703 1586 845 1627 choris
877 1585 1066 1640 algentia
1096 1587 1225 1639 possit

252 1726 298 1761 60
323 1725 434 1761 Testa
471 1725 528 1770 M,
564 1729 666 1761 tecta
695 1737 728 1769 ς,
758 1727 860 1770 tigna
898 1726 1036 1762 Markl.
1135 1728 1180 1762 62
1209 1731 1249 1762 at
1283 1727 1457 1772 Gronou„
1479 1729 1525 1763 Et
1546 1729 1596 1763 M

252 1785 334 1828 igne
372 1787 477 1820 atrae
500 1785 646 1829 scripsi,
672 1786 798 1828 ignaro
831 1785 887 1827 M,
924 1786 1071 1829 ignarae
1098 1798 1118 1824 ς
1142 1785 1276 1822 Heius.
1375 1787 1420 1822 63
1447 1788 1507 1822 ubi
1533 1788 1589 1831 M,

155 1843 250 1880 corr.
277 1855 301 1886 ς
399 1846 516 1880 demet
541 1844 659 1891 MA*,
697 1855 789 1882 corr.
821 1845 956 1881 Heius.
1053 1846 1098 1880 64
1125 1847 1267 1881 alterno
1305 1847 1462 1889 geminas
1501 1859 1528 1881 s.
1556 1859 1587 1883 a.

155 1902 331 1948 nymphas
362 1902 514 1947 Markl„
547 1907 713 1938 aeternas
751 1904 889 1947 gemino
921 1916 948 1938 s.
981 1915 1013 1939 a.
1053 1915 1162 1939 uenas
1205 1905 1368 1939 conicias
1465 1906 1510 1940 65
1537 1907 1588 1940 al-

157 1962 354 2006 bentesque
379 1962 436 2006 M,
461 1971 555 2000 corr.
578 1962 714 1998 Heius.
734 1963 910 2009 (Aduers.
923 1975 964 2010 p.
990 1966 1079 2010 547)
1104 1968 1141 1998 et
1166 1963 1306 1999 Mar-kl.
1427 1966 1587 2010 aliosque

157 2020 363 2057 chaerts
506 2021 552 2055 68
578 2032 621 2056 nc
654 2022 857 2065 Wakefield
890 2021 991 2069 (Cat.
1017 2025 1074 2067 66,
1099 2023 1174 2068 59),
1200 2034 1247 2058 an
1272 2023 1323 2058 M
1438 2025 1483 2058 70
1508 2026 1587 2059 imis

156 2078 292 2125 scripsi
328 2078 455 2125 (Theb.
492 2079 559 2114 IV
591 2082 662 2115 107
697 2091 762 2125 sq„
793 2081 863 2116 IX
898 2084 979 2123 404,
1017 2082 1078 2117 aL:
1116 2081 1161 2123 cf.
1199 2081 1292 2117 Silu.
1326 2082 1354 2117 I
1374 2085 1408 2126 5,
1435 2085 1482 2118 17
1506 2083 1587 2128 sq),

156 2139 231 2174 illis
268 2138 325 2183 M,
361 2140 438 2174 illic
475 2139 615 2176 Krolm
731 2141 904 2176 Anienem
947 2140 1003 2183 M,
1047 2142 1172 2176 aniene
1216 2143 1253 2176 in
1289 2153 1323 2185 a,
1361 2153 1454 2179 corr.
1491 2142 1588 2186 Pol,

157 2198 319 2234 Auienus
357 2209 380 2240 ς
493 2200 613 2234 inlicis
655 2199 711 2234 his
746 2210 779 2235 a.
818 2200 991 2235 Anienem
1036 2204 1073 2235 ct
1115 2200 1334 2236 Phillimore
1450 2202 1490 2236 71
1529 2212 1586 2237 ar-

156 2260 243 2293 tano
270 2256 326 2302 M,
364 2268 496 2294 arcano
524 2258 574 2301 A,
602 2269 694 2296 corr.
721 2270 755 2302 ς,
793 2260 910 2294 noctis
949 2260 1008 2294 ubi
1046 2270 1179 2295 arcano
1214 2260 1443 2303 Phillimore,
1469 2266 1510 2296 at
1536 2263 1585 2305 ef.

100 2355 103 2357 ,
161 2315 268 2353 Ouid.
307 2315 383 2352 her.
420 2319 455 2360 9,
480 2319 539 2353 40.
575 2316 672 2354 Stat.
711 2317 820 2354 Theb.
860 2318 901 2353 X
932 2320 1014 2363 365,
1050 2319 1147 2354 Ach.
1174 2319 1201 2354 I
1233 2322 1305 2354 918
1449 2321 1493 2354 ’74
1532 2331 1584 2355 rc-

156 2375 266 2410 cubet
289 2375 484 2411 Baehrens
604 2377 783 2412 Tiburnus
808 2377 866 2423 M,
891 2378 1072 2413 tiburinus
1098 2389 1132 2421 a,
1159 2379 1334 2413 tiberinus
1366 2378 1449 2415 Pol.
1474 2379 1582 2424 (idem

157 2433 325 2469 tibumus
350 2434 573 2480 coniecerat)
717 2437 762 2471 76
788 2436 919 2480 Egeria
943 2437 1063 2472 Hand
1093 2437 1258 2483 (Egeriae
1285 2448 1427 2473 nemore
1453 2439 1582 2474 almam

160 2491 298 2536 Morel)
395 2495 587 2538 adiungere
613 2494 670 2539 M,
695 2505 787 2531 corr.
815 2507 838 2537 ς
862 2495 944 2531 Pol.
